2212 3408
345 121 401 166 74
932 123 1026 153 THE
1060 123 1217 155 BLACK
1251 124 1376 155 BOOK

891 291 992 336 Fol.
1029 291 1095 336 IX
1131 290 1414 350 (continued).

280 419 496 463 Johanne
533 418 805 473 Notebem,1
838 420 1107 464 Willielmo
1142 420 1310 474 Baker,
1346 419 1554 479 Juniore,
1592 419 1817 465 Galfrido
1852 421 2020 478 Smyth

280 494 326 531 et
351 489 517 532 multis
539 489 663 532 aliis.
730 489 860 533 Data
884 491 1013 546 apud
1036 490 1444 546 Suthamptonam
1472 495 1648 533 octavo
1671 491 1747 533 die
1774 490 2020 534 Februarii

279 557 420 601 Anno
442 558 575 615 regni
601 559 723 614 regis
750 558 946 602 Henrici
970 560 1128 615 quarti
1164 564 1270 615 post
1303 565 1618 615 conquestum
1642 557 1847 616 quarto?
1911 558 2021 618 Qua

280 628 475 684 quidem
519 633 652 671 carta
696 627 889 684 publice
934 628 1074 680 lecta,
1119 628 1290 671 audita
1336 633 1383 672 et
1438 628 1686 672 intellecta
1740 628 2021 686 prefataque

281 697 491 740 Cristina
515 712 596 754 per
619 712 665 741 se
689 698 791 741 sola
816 698 1097 741 examinata
1137 702 1184 740 et
1217 697 1378 754 jurata
1410 712 1572 740 coram
1607 697 1806 754 prefatis
1838 699 2021 742 maiore

278 772 325 810 et
365 767 566 810 Ballivis
604 767 653 809 in
696 766 841 822 plena
884 767 1015 810 curia
1061 767 1277 822 predicta
1320 768 1581 810 secundum
1624 768 2021 812 consuetudinem

279 835 393 878 ville
416 836 629 891 predicte
652 851 766 891 pure
789 841 958 892 sponte
999 843 1045 879 et
1083 835 1305 879 absolute
1343 834 1522 879 fatetur
1544 841 1729 879 cartam
1753 837 2021 893 predictam

278 919 374 947 esse
414 904 598 948 factum
636 920 772 948 suum
808 911 854 949 et
894 905 1023 961 quod
1061 905 1316 961 spontauie
1355 905 1509 961 ipsam
1549 904 1648 948 fieri
1688 904 1803 949 fecit
1841 906 2021 962 absque

277 974 559 1018 cohercione
593 990 673 1018 seu
707 976 1038 1031 compulsione
1073 976 1162 1018 viri
1197 975 1267 1018 sui
1302 975 1505 1031 predicti
1537 975 1612 1018 vel
1645 975 1843 1019 alterius
1866 977 2019 1020 cuius-

277 1058 464 1100 cunque
528 1059 725 1100 persone
782 1050 829 1088 et
888 1045 1011 1101 petit
1078 1059 1184 1088 eam
1243 1046 1322 1088 hic
1383 1044 1640 1088 inbreviari
1703 1046 1749 1088 in
1814 1044 2019 1089 formam

277 1115 623 1170 recognitionis
666 1129 746 1158 sue
794 1115 1055 1158 secundum
1101 1115 1500 1158 consuetudinem
1547 1115 1663 1157 ville
1707 1116 1920 1171 predicte
1972 1115 2019 1158 in

278 1184 605 1227 exclusionem
647 1183 764 1240 juris
802 1185 873 1227 sui
914 1190 961 1227 et
998 1185 1226 1227 heredum
1265 1199 1456 1227 suorum
1498 1185 1545 1226 in
1584 1190 1880 1240 perpetuum.
1960 1184 2021 1228 Et

277 1267 415 1309 snper
452 1255 543 1296 hac
576 1269 800 1297 concessa
837 1259 905 1297 est
939 1254 1114 1297 seisina
1145 1254 1379 1297 antedicti
1417 1254 1607 1310 gardini
1641 1253 1780 1310 juxta
1815 1253 2020 1297 formam

277 1329 407 1366 carte
431 1324 566 1367 salvo
587 1323 688 1379 jure
711 1324 1054 1380 cuiuscumque
1079 1324 1340 1367 secundum
1363 1323 1760 1367 consuetudinem
1782 1323 1910 1376 ville,
1931 1328 2019 1367 etc.

994 1883 1094 1927 Fol.
1132 1883 1197 1927 IX
1234 1881 1311 1939 (2)

738 2010 1058 2067 [Transcribed
1091 2012 1182 2054 anci
1215 2009 1563 2067 Summarised]

340 2123 665 2179 Suthampton
700 2123 833 2167 curia
868 2122 1051 2166 ibidem
1087 2127 1222 2166 tenta
1267 2136 1432 2166 coram
1477 2120 1669 2165 Thoma
1713 2121 2020 2179 Midlyngton

281 2199 394 2237 tunc
427 2192 610 2236 ibidem
643 2192 825 2236 maiore
861 2192 1069 2236 Henrico
1106 2191 1340 2248 Holewey
1371 2197 1418 2235 et
1443 2190 1662 2249 Johanne
1696 2189 1873 2235 Barflet
1907 2196 2021 2235 tunc

282 2262 462 2306 ibidem
512 2261 726 2305 Ballivis.
816 2261 905 2305 Die
960 2261 1128 2305 martis
1181 2261 1404 2318 proximo
1458 2266 1571 2304 ante
1624 2259 1800 2304 festum
1854 2259 2019 2304 Sancti

280 2330 499 2389 Gregorii
524 2345 649 2387 pape
672 2345 800 2374 anno
823 2331 957 2388 regni
982 2330 1105 2387 regis
1131 2329 1327 2373 I-Ienrici
1353 2329 1510 2386 quarti
1536 2326 1742 2386 quarto.3

340 2511 415 2555 Ad
468 2512 593 2554 hanc
645 2512 831 2554 curiam
883 2516 1114 2554 venerunt
1167 2509 1382 2553 Thomas
1438 2510 1628 2567 Partrig
1692 2509 1919 2566 Bowyere
1975 2515 2022 2553 et

281 2581 494 2626 Cristina
538 2595 657 2624 uxor
700 2581 800 2624 eius
844 2586 890 2624 et
936 2581 1236 2637 protulerunt
1285 2594 1448 2622 coram
1496 2579 1695 2635 prefatis
1749 2579 1930 2622 maiore
1975 2584 2021 2622 et

281 2650 484 2694 Ballivis
517 2650 764 2707 quandam
797 2656 982 2693 cartam
1017 2648 1312 2693 seoffamenti
1348 2649 1482 2692 cuius
1517 2654 1651 2691 tenor
1680 2648 1906 2704 sequitur,
1932 2653 2018 2691 etc.

280 2719 447 2764 Sciant
481 2725 721 2776 presentes
756 2724 802 2762 et
840 2718 987 2762 futuri
1027 2718 1155 2775 quod
1194 2732 1279 2761 nos
1313 2717 1472 2760 Adam
1508 2717 1773 2774 Pynhorne,
1808 2715 2022 2760 Thomas

283 2789 483 2846 Partrig,
535 2788 811 2845 Bowyhere,
859 2793 906 2831 et
958 2787 1172 2831 Cristina
1228 2801 1347 2830 uxor
1402 2787 1503 2830 eius
1555 2786 1772 2830 unanimi
1829 2799 2022 2829 assensu

280 2857 513 2910 dedimus,
573 2862 676 2910 etc.‚
737 2856 943 2900 Johanni
1000 2855 1157 2900 Danel
1212 2860 1259 2898 et
1317 2854 1473 2899 Alicie
1528 2854 1664 2898 uxori
1719 2854 1820 2897 eius
1874 2868 2020 2897 unam

397 3102 404 3121 1
421 3100 506 3127 John
515 3100 659 3127 Notebem
674 3100 739 3126 heid
754 3107 770 3125 a
783 3102 932 3125 tellement
946 3101 983 3131 by
996 3101 1130 3126 “Goddes
1143 3100 1268 3126 Howse·'
1287 3099 1457 3132 (Steward'fl
1471 3099 1558 3131 Book,
1573 3099 1650 3127 1428)
1662 3106 1667 3127 ;
1687 3105 1807 3130 appears
1819 3105 1925 3129 among
1939 3098 1988 3124 the

316 3144 468 3173 exporters
480 3142 509 3167 ln
525 3143 587 3166 1428
599 3142 685 3172 (Port
699 3142 805 3173 Book).
