2212 3408
363 123 449 152 110
946 120 1041 149 THE
1074 119 1233 150 BLACK
1266 119 1392 149 BOOK

885 253 986 298 Fol.
1021 253 1136 297 XIV
1171 250 1456 310 (continued).

299 350 347 393 in
381 349 644 394 latitudine
677 348 932 406 sexaginta
957 353 1005 393 et
1027 348 1283 392 tresdecim
1304 346 1450 404 pedes
1480 346 1677 404 regales.
1744 345 1868 390 Dedi
1893 346 2050 390 eciam

298 425 346 463 et
388 419 600 463 concessi
646 417 834 462 Thome
888 423 936 462 et
989 419 1208 474 Johanne
1262 416 1509 473 quandam
1563 415 1786 471 placeam
1841 429 2048 459 vacuam

295 488 538 545 jacentem
571 489 621 531 in
655 488 873 544 predicta
907 488 1027 531 villa
1061 489 1110 530 in
1143 487 1376 543 parochia
1400 486 1600 529 ecclesie
1624 483 1858 529 Omnium
1882 485 2047 528 Sanct-

297 572 435 602 orum
469 559 518 600 in
551 558 660 601 vico
695 562 871 601 vocato
906 556 1091 600 Estrete
1125 555 1250 599 infra
1288 570 1449 599 muros
1487 555 1536 597 in
1570 553 1745 598 boriali
1779 558 1916 610 parte
1951 554 2048 597 vici

297 627 422 671 inter
455 631 784 670 tenementum
818 626 1053 669 Johannis
1084 625 1315 668 Dounton
1350 624 1480 680 quod
1513 638 1664 680 nuper
1685 622 1778 667 fuit
1808 622 2050 667 Johannes

300 696 605 739 Malmeshull
644 710 701 738 ex
739 700 876 751 parte
915 694 1142 738 orientali
1183 699 1230 737 et
1269 698 1599 737 tenementum
1638 692 1839 736 Arnoldi
1880 692 2049 749 Yonge

298 765 429 821 quod
472 779 622 820 nuper
664 763 757 807 fuit
800 763 989 807 Thome
1033 763 1246 820 Saghyer
1285 777 1343 806 ex
1376 767 1513 818 parte
1547 762 1855 805 occidentali.
1924 761 2048 805 Dedi

298 834 455 877 eciam
509 839 557 877 et
610 835 821 878 concessi
876 833 1106 890 pred-ictis
1159 831 1346 875 Thome
1412 837 1458 875 et
1523 831 1742 874 Johanne
1803 831 2051 887 quandam

298 900 610 960 Skelyngam1
633 918 742 946 cum
767 903 971 959 gardino
1005 908 1163 945 aretro
1195 902 1386 958 jacente
1419 901 1655 944 situatam
1690 901 1739 943 in
1772 900 1906 944 dicta
1928 900 2050 944 villa

300 973 346 1014 in
393 973 500 1016 vico
543 971 753 1028 Anglico
797 973 846 1015 in
891 972 1196 1015 occidentale
1240 976 1377 1027 parte
1416 971 1510 1014 vici
1553 971 1676 1013 inter
1719 975 2050 1014 tenementum

300 1041 497 1085 Ricardi
543 1041 808 1098 Bradevvey
851 1042 980 1098 quod
1029 1056 1178 1097 nuper
1226 1040 1318 1084 fuit
1362 1040 1596 1084 Johannis
1641 1039 1948 1083 Portesmuth
1993 1054 2049 1083 ex

298 1116 434 1167 parte
468 1112 684 1164 australi,
710 1117 756 1154 et
784 1111 1063 1168 Skelingam
1099 1111 1333 1154 Johannis
1367 1108 1572 1153 Barfiete
1607 1114 1653 1152 et
1686 1124 1835 1165 nuper
1865 1109 2050 1152 Thorne

298 1180 499 1237 Saghier
553 1196 610 1224 ex
665 1187 800 1236 parte
849 1180 1039 1224 boriali.
1140 1180 1279 1232 Dedi,
1330 1187 1434 1232 etc,
1485 1179 1715 1235 predictis
1763 1177 1950 1222 Thome
2004 1183 2051 1222 et

297 1250 516 1294 Johanne
551 1251 808 1294 duodecim
839 1250 1117 1293 denariatos
1141 1250 1293 1305 quieti
1329 1254 1377 1292 et
1410 1249 1559 1292 annui
1587 1248 1801 1291 redditus
1825 1253 2053 1291 exeuntes

299 1321 554 1363 annuatim
588 1320 647 1363 de
681 1320 892 1375 quodam
930 1325 1207 1362 tenemento
1239 1333 1391 1375 nuper
1427 1317 1625 1361 Ricardi
1665 1318 1831 1373 Coppe
1869 1318 2052 1361 situato

300 1391 349 1432 in
384 1390 492 1432 vico
526 1388 736 1446 Anglico
771 1390 818 1431 in
854 1389 1085 1445 parochia
1122 1388 1320 1431 ecclesie
1354 1389 1529 1431 Sancte
1565 1386 1732 1431 Crucis
1766 1387 1890 1430 inter
1923 1392 2050 1430 tene-

300 1465 517 1502 mentum
561 1458 806 1515 Angulare
846 1459 1079 1502 Johannis
1113 1457 1295 1510 Couke,
1335 1457 1464 1513 quod
1502 1471 1653 1513 nuper
1691 1455 1783 1500 fuit
1821 1456 2053 1500 Johannis

302 1528 572 1584 Polymond
628 1533 674 1571 et
728 1534 959 1584 perantea
1012 1527 1105 1571 fuit
1159 1527 1392 1582 Johannis
1441 1525 1747 1583 Nosshelyng
1801 1540 1858 1569 ex
1913 1530 2051 1582 parte

300 1597 516 1650 australi,
563 1604 608 1640 et
653 1599 829 1653 shopas
873 1612 991 1653 quas
1029 1611 1179 1653 nuper
1228 1596 1389 1639 dimisi
1431 1596 1637 1639 Johanni
1679 1594 1952 1652 Polymond
1996 1609 2053 1637 ex

300 1673 436 1723 parte
479 1667 670 1711 boriali.
740 1667 878 1719 Dedi,
914 1672 1018 1719 etc,
1053 1666 1282 1722 predictis
1315 1664 1503 1708 Thome
1539 1669 1585 1708 et
1619 1665 1836 1720 Johanne
1874 1664 2051 1721 viginti

300 1737 536 1780 solidatas
559 1737 711 1793 quieti
738 1742 784 1779 et
808 1736 954 1779 annui
981 1736 1196 1779 redditus
1229 1740 1455 1778 exeuntes
1486 1734 1743 1777 annuatim
1777 1734 1834 1776 de
1869 1732 2056 1777 duabus

300 1807 491 1862 schopis
529 1812 575 1849 et
611 1806 779 1862 placea
818 1820 974 1849 vacua
1012 1805 1269 1848 adiacente
1308 1804 1501 1847 situatis
1535 1804 1583 1846 in
1623 1803 1732 1846 vico
1766 1802 1974 1859 Anglico
2005 1803 2054 1845 in

300 1876 531 1932 parochia
555 1877 727 1919 Sancte
754 1874 920 1919 Crucis
954 1875 1001 1917 in
1037 1874 1329 1917 occidentali
1366 1878 1501 1929 parte
1536 1873 1629 1915 vici
1662 1873 1786 1915 inter
1809 1877 2052 1915 tenemen-

301 1952 404 1989 tum
439 1945 709 2001 predictum
742 1959 892 2000 nuper
928 1943 1125 1987 Ricardi
1152 1942 1318 1999 Coppe
1355 1957 1413 1986 ex
1452 1948 1588 1998 parte
1622 1941 1822 1985 australi
1853 1947 1899 1984 et
1923 1947 2051 1985 tene-

302 2021 518 2059 mentum
555 2014 749 2057 Henrici
787 2013 987 2056 Manton
1028 2013 1157 2069 quod
1193 2027 1342 2068 nuper
1380 2010 1472 2054 fuit
1509 2011 1741 2054 Johannis
1782 2010 2053 2066 Polymond

302 2100 358 2128 ex
383 2090 518 2140 parte
542 2084 718 2127 boriali
743 2098 840 2126 una
864 2098 973 2125 cum
1007 2082 1199 2125 redditu
1233 2081 1487 2124 annuatim
1526 2081 1692 2123 decem
1729 2079 1961 2123 librarum
1996 2079 2053 2122 de

303 2155 444 2197 dictis
472 2154 662 2209 schopis
690 2158 894 2195 exeunte
925 2151 1001 2194 vel
1032 2152 1299 2194 reversione
1324 2149 1601 2193 earumdem
1635 2150 1920 2204 schoparum
1946 2163 2055 2191 cum

301 2225 472 2280 placea
516 2237 669 2265 vacua
715 2222 960 2265 adiacenti
1005 2221 1188 2263 situata
1234 2221 1280 2262 in
1326 2219 1434 2262 vico
1480 2218 1687 2275 Anglico
1733 2219 1779 2261 in
1824 2217 2055 2274 parochia

303 2294 502 2337 ecclesie
533 2292 694 2335 Sancti
737 2290 1004 2343 Laurencii,
1042 2291 1088 2332 in
1124 2289 1417 2332 occidentali
1452 2293 1588 2344 parte
1622 2288 1734 2340 vici,
1771 2288 1893 2330 inter
1927 2291 2054 2330 tene-

304 2368 520 2406 mentum
555 2361 799 2418 Angulare
832 2359 1033 2402 Walteri
1068 2358 1287 2415 Reygate
1325 2372 1381 2400 ex
1421 2362 1558 2413 parte
1592 2356 1808 2409 australi,
1845 2361 1892 2399 et
1925 2361 2053 2399 tene-

305 2437 521 2475 mentum
563 2430 767 2474 Abbatis
807 2435 854 2472 et
894 2428 1173 2472 Conventus
1218 2427 1339 2470 Belli
1387 2427 1502 2470 Loci
1546 2426 1692 2483 Regis
1731 2425 1859 2482 quod
1900 2426 2056 2468 tenuit

308 2501 544 2545 Ricardus
588 2499 694 2556 Mey
740 2514 798 2542 ex
842 2505 978 2555 parte
1022 2497 1214 2549 boriali,
1258 2511 1354 2540 una
1402 2510 1511 2539 cum
1555 2495 1746 2539 redditu
1800 2494 2056 2538 annuatim

306 2576 499 2614 centum
554 2569 817 2612 solidorum
874 2568 930 2611 de
987 2567 1130 2610 dictis
1184 2566 1347 2622 shopis
1401 2570 1605 2608 exeunte
1658 2564 1736 2607 vel
1789 2564 2056 2607 reversione

307 2640 584 2684 eorumdem
618 2640 875 2694 shoparum
913 2651 1022 2680 cum
1058 2636 1229 2692 placea
1267 2649 1420 2678 vacua
1453 2649 1563 2677 cum
1597 2648 1678 2690 per
1713 2633 1902 2690 lapsum
1936 2632 2054 2676 dicti

308 2707 518 2753 termini²
562 2707 841 2752 acciderint.
922 2705 1213 2748 Habendum
1253 2710 1300 2747 et
1335 2703 1595 2747 tenendum
1635 2703 1802 2746 onmia
1841 2702 2058 2758 predicta

308 2780 501 2836 placeas
523 2792 716 2830 vacuas,
735 2776 1035 2833 skelyngam,
1051 2774 1280 2823 redditus,
1298 2774 1473 2830 shopas
1495 2787 1604 2816 cum
1629 2771 1857 2829 gardinis,
1877 2776 1923 2814 et
1947 2770 2058 2814 aliis

424 3104 430 3124 J
449 3104 463 3114 “
473 3101 841 3134 Skeiinga’'-appa1·ent15
855 3107 870 3125 a
883 3099 953 3125 shed
967 3105 1000 3124 or
1011 3099 1121 3125 shelter
1135 3098 1165 3123 os
1177 3103 1255 3123 some
1267 3097 1338 3123 kind
1355 3096 1415 3129 (Du
1429 3094 1550 3128 Gange).
