<?xml version="1.0" encoding="UTF-8"?>
<!DOCTYPE html PUBLIC "-//W3C//DTD XHTML 1.0 Transitional//EN"
    "http://www.w3.org/TR/xhtml1/DTD/xhtml1-transitional.dtd">
<html xmlns="http://www.w3.org/1999/xhtml" xml:lang="en" lang="en">
 <head>
  <title>
</title>
<meta http-equiv="Content-Type" content="text/html;charset=utf-8" />
  <meta name='ocr-system' content='tesseract 3.04.00' />
  <meta name='ocr-capabilities' content='ocr_page ocr_carea ocr_par ocr_line ocrx_word'/>
</head>
<body>
  <div class='ocr_page' id='page_1' title='image "blackbookofsouth13chap_0186.png"; bbox 0 0 2212 3408; ppageno 0'>
   <div class='ocr_carea' id='block_1_1' title="bbox 380 106 1409 152">
    <p class='ocr_par' dir='ltr' id='par_1_1' title="bbox 380 106 1409 152">
     <span class='ocr_line' id='line_1_1' title="bbox 380 106 1409 152; baseline 0.001 -16"><span class='ocrx_word' id='word_1_1' title='bbox 380 108 465 152; x_wconf 85' lang='lat'>140</span> <span class='ocrx_word' id='word_1_2' title='bbox 966 107 1059 137; x_wconf 89' lang='lat' dir='ltr'>THE</span> <span class='ocrx_word' id='word_1_3' title='bbox 1094 106 1250 137; x_wconf 89' lang='lat' dir='ltr'><strong>BLACK</strong></span> <span class='ocrx_word' id='word_1_4' title='bbox 1285 106 1409 137; x_wconf 90' lang='lat' dir='ltr'>BOOK</span> 
     </span>
    </p>
   </div>
   <div class='ocr_carea' id='block_1_2' title="bbox 440 169 1399 176">
    <p class='ocr_par' dir='ltr' id='par_1_2' title="bbox 440 169 1399 176">
     <span class='ocr_line' id='line_1_2' title="bbox 440 169 1399 176; baseline 0 0"><span class='ocrx_word' id='word_1_5' title='bbox 440 169 1399 176; x_wconf 95' lang='lat' dir='ltr'> </span> 
     </span>
    </p>
   </div>
   <div class='ocr_carea' id='block_1_3' title="bbox 967 296 1394 355">
    <p class='ocr_par' dir='ltr' id='par_1_3' title="bbox 967 296 1394 355">
     <span class='ocr_line' id='line_1_3' title="bbox 967 296 1394 355; baseline -0.005 -12"><span class='ocrx_word' id='word_1_6' title='bbox 967 299 1068 343; x_wconf 74' lang='lat' dir='ltr'>For.</span> <span class='ocrx_word' id='word_1_7' title='bbox 1103 299 1218 343; x_wconf 84' lang='lat' dir='ltr'>XIX</span> <span class='ocrx_word' id='word_1_8' title='bbox 1254 299 1292 342; x_wconf 83' lang='lat' dir='ltr'>B</span> <span class='ocrx_word' id='word_1_9' title='bbox 1316 296 1394 355; x_wconf 89' lang='lat'>(2).</span> 
     </span>
    </p>
   </div>
   <div class='ocr_carea' id='block_1_4' title="bbox 773 424 1599 484">
    <p class='ocr_par' dir='ltr' id='par_1_4' title="bbox 773 424 1599 484">
     <span class='ocr_line' id='line_1_4' title="bbox 773 424 1599 484; baseline -0.004 -13"><span class='ocrx_word' id='word_1_10' title='bbox 773 426 1095 484; x_wconf 56' lang='lat' dir='ltr'>[Transcribed</span> <span class='ocrx_word' id='word_1_11' title='bbox 1128 427 1220 470; x_wconf 75' lang='lat' dir='ltr'>and</span> <span class='ocrx_word' id='word_1_12' title='bbox 1252 424 1599 482; x_wconf 65' lang='lat' dir='ltr'>Smnmarised}</span> 
     </span>
    </p>
   </div>
   <div class='ocr_carea' id='block_1_5' title="bbox 313 552 2066 2906">
    <p class='ocr_par' dir='ltr' id='par_1_5' title="bbox 313 552 2066 2906">
     <span class='ocr_line' id='line_1_5' title="bbox 376 552 2056 610; baseline -0.002 -12"><span class='ocrx_word' id='word_1_13' title='bbox 376 553 494 599; x_wconf 84' lang='lat' dir='ltr'>lHec</span> <span class='ocrx_word' id='word_1_14' title='bbox 539 555 794 598; x_wconf 89' lang='lat' dir='ltr'>indentura</span> <span class='ocrx_word' id='word_1_15' title='bbox 839 554 969 598; x_wconf 80' lang='lat' dir='ltr'>facta</span> <span class='ocrx_word' id='word_1_16' title='bbox 1009 555 1132 598; x_wconf 89' lang='lat' dir='ltr'>inter</span> <span class='ocrx_word' id='word_1_17' title='bbox 1173 554 1495 598; x_wconf 59' lang='lat' dir='ltr'>XVillielmum</span> <span class='ocrx_word' id='word_1_18' title='bbox 1536 553 1729 610; x_wconf 81' lang='lat' dir='ltr'>Bridlep</span> <span class='ocrx_word' id='word_1_19' title='bbox 1772 552 2056 610; x_wconf 83' lang='lat' dir='ltr'>burgensem</span> 
     </span>
     <span class='ocr_line' id='line_1_6' title="bbox 314 623 2058 681; baseline -0.001 -14"><span class='ocrx_word' id='word_1_20' title='bbox 314 625 427 668; x_wconf 88' lang='lat' dir='ltr'>ville</span> <span class='ocrx_word' id='word_1_21' title='bbox 463 624 817 680; x_wconf 85' lang='lat' dir='ltr'>Suthamptone</span> <span class='ocrx_word' id='word_1_22' title='bbox 853 629 900 667; x_wconf 94' lang='lat' dir='ltr'>et</span> <span class='ocrx_word' id='word_1_23' title='bbox 937 624 1227 681; x_wconf 80' lang='lat' dir='ltr'>Margeriam</span> <span class='ocrx_word' id='word_1_24' title='bbox 1260 638 1457 668; x_wconf 81' lang='lat' dir='ltr'>uxorem</span> <span class='ocrx_word' id='word_1_25' title='bbox 1492 623 1593 666; x_wconf 91' lang='lat' dir='ltr'>eius</span> <span class='ocrx_word' id='word_1_26' title='bbox 1627 637 1685 666; x_wconf 78' lang='lat' dir='ltr'>ex</span> <span class='ocrx_word' id='word_1_27' title='bbox 1710 626 1848 679; x_wconf 93' lang='lat' dir='ltr'>parte</span> <span class='ocrx_word' id='word_1_28' title='bbox 1880 636 1977 665; x_wconf 89' lang='lat' dir='ltr'>una</span> <span class='ocrx_word' id='word_1_29' title='bbox 2010 626 2058 665; x_wconf 92' lang='lat' dir='ltr'>et</span> 
     </span>
     <span class='ocr_line' id='line_1_7' title="bbox 313 691 2058 751; baseline -0.001 -15"><span class='ocrx_word' id='word_1_30' title='bbox 313 693 582 751; x_wconf 89' lang='lat' dir='ltr'>Johannem</span> <span class='ocrx_word' id='word_1_31' title='bbox 628 695 807 749; x_wconf 83' lang='lat' dir='ltr'>Beneyt</span> <span class='ocrx_word' id='word_1_32' title='bbox 851 692 1135 749; x_wconf 83' lang='lat' dir='ltr'>burgensem</span> <span class='ocrx_word' id='word_1_33' title='bbox 1181 693 1295 736; x_wconf 89' lang='lat' dir='ltr'>ville</span> <span class='ocrx_word' id='word_1_34' title='bbox 1338 693 1551 749; x_wconf 76' lang='lat' dir='ltr'>predicte</span> <span class='ocrx_word' id='word_1_35' title='bbox 1603 707 1661 735; x_wconf 75' lang='lat' dir='ltr'>ex</span> <span class='ocrx_word' id='word_1_36' title='bbox 1712 697 1849 748; x_wconf 90' lang='lat' dir='ltr'>parte</span> <span class='ocrx_word' id='word_1_37' title='bbox 1903 691 2058 735; x_wconf 88' lang='lat' dir='ltr'>altera</span> 
     </span>
     <span class='ocr_line' id='line_1_8' title="bbox 314 761 2059 819; baseline -0.002 -13"><span class='ocrx_word' id='word_1_38' title='bbox 314 768 517 807; x_wconf 91' lang='lat' dir='ltr'>testatur</span> <span class='ocrx_word' id='word_1_39' title='bbox 552 763 680 818; x_wconf 89' lang='lat' dir='ltr'>quod</span> <span class='ocrx_word' id='word_1_40' title='bbox 715 761 890 818; x_wconf 82' lang='lat' dir='ltr'>prefati</span> <span class='ocrx_word' id='word_1_41' title='bbox 923 762 1218 805; x_wconf 76' lang='lat' dir='ltr'>VVillielmus</span> <span class='ocrx_word' id='word_1_42' title='bbox 1256 767 1303 805; x_wconf 92' lang='lat' dir='ltr'>et</span> <span class='ocrx_word' id='word_1_43' title='bbox 1343 762 1580 819; x_wconf 85' lang='lat' dir='ltr'>Margeria</span> <span class='ocrx_word' id='word_1_44' title='bbox 1614 761 1832 805; x_wconf 88' lang='lat' dir='ltr'>unanimi</span> <span class='ocrx_word' id='word_1_45' title='bbox 1866 775 2059 804; x_wconf 91' lang='lat' dir='ltr'>assensu</span> 
     </span>
     <span class='ocr_line' id='line_1_9' title="bbox 313 824 2058 887; baseline -0.001 -12"><span class='ocrx_word' id='word_1_46' title='bbox 313 824 616 876; x_wconf 89' lang='lat' dir='ltr'>tradiderunt</span> <span class='ocrx_word' id='word_1_47' title='bbox 686 836 1020 875; x_wconf 89' lang='lat' dir='ltr'>concesserunt</span> <span class='ocrx_word' id='word_1_48' title='bbox 1079 836 1126 875; x_wconf 90' lang='lat' dir='ltr'>et</span> <span class='ocrx_word' id='word_1_49' title='bbox 1188 846 1270 887; x_wconf 88' lang='lat' dir='ltr'>per</span> <span class='ocrx_word' id='word_1_50' title='bbox 1327 832 1453 874; x_wconf 89' lang='lat' dir='ltr'>hanc</span> <span class='ocrx_word' id='word_1_51' title='bbox 1507 836 1694 874; x_wconf 90' lang='lat' dir='ltr'>cartam</span> <span class='ocrx_word' id='word_1_52' title='bbox 1753 830 2058 874; x_wconf 89' lang='lat' dir='ltr'>indentatam</span> 
     </span>
     <span class='ocr_line' id='line_1_10' title="bbox 314 898 2059 958; baseline -0.002 -13"><span class='ocrx_word' id='word_1_53' title='bbox 314 902 599 945; x_wconf 88' lang='lat' dir='ltr'>dimiserunt</span> <span class='ocrx_word' id='word_1_54' title='bbox 651 900 839 957; x_wconf 85' lang='lat' dir='ltr'>prefato</span> <span class='ocrx_word' id='word_1_55' title='bbox 889 900 1098 958; x_wconf 89' lang='lat' dir='ltr'>Johanni</span> <span class='ocrx_word' id='word_1_56' title='bbox 1144 901 1240 944; x_wconf 92' lang='lat' dir='ltr'>duo</span> <span class='ocrx_word' id='word_1_57' title='bbox 1294 905 1571 944; x_wconf 89' lang='lat' dir='ltr'>tenementa</span> <span class='ocrx_word' id='word_1_58' title='bbox 1620 915 1706 944; x_wconf 87' lang='lat' dir='ltr'>sua</span> <span class='ocrx_word' id='word_1_59' title='bbox 1759 898 2059 955; x_wconf 86' lang='lat' dir='ltr'>conjunctim</span> 
     </span>
     <span class='ocr_line' id='line_1_11' title="bbox 313 968 2060 1027; baseline -0.001 -13"><span class='ocrx_word' id='word_1_60' title='bbox 313 971 496 1015; x_wconf 88' lang='lat' dir='ltr'>situata</span> <span class='ocrx_word' id='word_1_61' title='bbox 536 971 583 1013; x_wconf 89' lang='lat' dir='ltr'>in</span> <span class='ocrx_word' id='word_1_62' title='bbox 619 970 739 1013; x_wconf 88' lang='lat' dir='ltr'>villa</span> <span class='ocrx_word' id='word_1_63' title='bbox 769 971 1001 1027; x_wconf 90' lang='lat' dir='ltr'>predicta,</span> <span class='ocrx_word' id='word_1_64' title='bbox 1037 971 1086 1013; x_wconf 91' lang='lat' dir='ltr'>in</span> <span class='ocrx_word' id='word_1_65' title='bbox 1118 970 1225 1014; x_wconf 87' lang='lat' dir='ltr'>vico</span> <span class='ocrx_word' id='word_1_66' title='bbox 1248 969 1497 1013; x_wconf 79' lang='lat' dir='ltr'>ffrancisco</span> <span class='ocrx_word' id='word_1_67' title='bbox 1523 970 1568 1012; x_wconf 91' lang='lat' dir='ltr'>in</span> <span class='ocrx_word' id='word_1_68' title='bbox 1594 969 1824 1026; x_wconf 88' lang='lat' dir='ltr'>parochia</span> <span class='ocrx_word' id='word_1_69' title='bbox 1848 968 2060 1012; x_wconf 87' lang='lat' dir='ltr'>Ecclesie</span> 
     </span>
     <span class='ocr_line' id='line_1_12' title="bbox 314 1037 2059 1095; baseline -0.002 -12"><span class='ocrx_word' id='word_1_70' title='bbox 314 1040 478 1084; x_wconf 85' lang='lat' dir='ltr'>Sancti</span> <span class='ocrx_word' id='word_1_71' title='bbox 505 1039 755 1083; x_wconf 74' lang='lat' dir='ltr'>Michaelis</span> <span class='ocrx_word' id='word_1_72' title='bbox 779 1040 827 1082; x_wconf 92' lang='lat' dir='ltr'>in</span> <span class='ocrx_word' id='word_1_73' title='bbox 851 1039 1028 1083; x_wconf 85' lang='lat' dir='ltr'>boriali</span> <span class='ocrx_word' id='word_1_74' title='bbox 1060 1045 1107 1083; x_wconf 94' lang='lat' dir='ltr'>et</span> <span class='ocrx_word' id='word_1_75' title='bbox 1134 1039 1428 1083; x_wconf 89' lang='lat' dir='ltr'>occidentali</span> <span class='ocrx_word' id='word_1_76' title='bbox 1462 1044 1598 1095; x_wconf 87' lang='lat' dir='ltr'>parte</span> <span class='ocrx_word' id='word_1_77' title='bbox 1633 1038 1847 1082; x_wconf 90' lang='lat' dir='ltr'>eiusdem</span> <span class='ocrx_word' id='word_1_78' title='bbox 1880 1038 1975 1081; x_wconf 90' lang='lat' dir='ltr'>vici</span> <span class='ocrx_word' id='word_1_79' title='bbox 2009 1037 2059 1080; x_wconf 89' lang='lat' dir='ltr'>in</span> 
     </span>
     <span class='ocr_line' id='line_1_13' title="bbox 315 1107 2057 1167; baseline -0.002 -14"><span class='ocrx_word' id='word_1_80' title='bbox 315 1109 488 1167; x_wconf 90' lang='lat' dir='ltr'>quibus</span> <span class='ocrx_word' id='word_1_81' title='bbox 522 1124 648 1153; x_wconf 90' lang='lat' dir='ltr'>nunc</span> <span class='ocrx_word' id='word_1_82' title='bbox 686 1109 967 1153; x_wconf 88' lang='lat' dir='ltr'>inhabitant</span> <span class='ocrx_word' id='word_1_83' title='bbox 997 1110 1238 1153; x_wconf 90' lang='lat' dir='ltr'>Johannes</span> <span class='ocrx_word' id='word_1_84' title='bbox 1272 1109 1486 1166; x_wconf 72' lang='lat' dir='ltr'>VVrangy</span> <span class='ocrx_word' id='word_1_85' title='bbox 1521 1114 1568 1152; x_wconf 93' lang='lat' dir='ltr'>et</span> <span class='ocrx_word' id='word_1_86' title='bbox 1600 1108 1842 1152; x_wconf 88' lang='lat' dir='ltr'>Johannes</span> <span class='ocrx_word' id='word_1_87' title='bbox 1875 1107 2057 1158; x_wconf 87' lang='lat' dir='ltr'>Busch;</span> 
     </span>
     <span class='ocr_line' id='line_1_14' title="bbox 315 1177 2061 1223; baseline -0.002 -1"><span class='ocrx_word' id='word_1_88' title='bbox 315 1185 362 1223; x_wconf 93' lang='lat' dir='ltr'>et</span> <span class='ocrx_word' id='word_1_89' title='bbox 394 1180 636 1223; x_wconf 74' lang='lat' dir='ltr'>situantur</span> <span class='ocrx_word' id='word_1_90' title='bbox 668 1180 801 1222; x_wconf 89' lang='lat' dir='ltr'>dicta</span> <span class='ocrx_word' id='word_1_91' title='bbox 835 1179 930 1222; x_wconf 89' lang='lat' dir='ltr'>duo</span> <span class='ocrx_word' id='word_1_92' title='bbox 961 1184 1239 1222; x_wconf 88' lang='lat' dir='ltr'>tenementa</span> <span class='ocrx_word' id='word_1_93' title='bbox 1263 1179 1387 1222; x_wconf 87' lang='lat' dir='ltr'>inter</span> <span class='ocrx_word' id='word_1_94' title='bbox 1410 1183 1740 1222; x_wconf 89' lang='lat' dir='ltr'>tenementum</span> <span class='ocrx_word' id='word_1_95' title='bbox 1764 1177 1892 1220; x_wconf 85' lang='lat' dir='ltr'>Petri</span> <span class='ocrx_word' id='word_1_96' title='bbox 1919 1177 2061 1220; x_wconf 86' lang='lat' dir='ltr'>Peras</span> 
     </span>
     <span class='ocr_line' id='line_1_15' title="bbox 315 1245 2060 1305; baseline -0.002 -13"><span class='ocrx_word' id='word_1_97' title='bbox 315 1254 362 1292; x_wconf 90' lang='lat' dir='ltr'>et</span> <span class='ocrx_word' id='word_1_98' title='bbox 385 1248 542 1292; x_wconf 82' lang='lat' dir='ltr'>Alicie</span> <span class='ocrx_word' id='word_1_99' title='bbox 565 1249 726 1292; x_wconf 76' lang='lat' dir='ltr'>uxoris</span> <span class='ocrx_word' id='word_1_100' title='bbox 749 1263 829 1292; x_wconf 93' lang='lat' dir='ltr'>sue</span> <span class='ocrx_word' id='word_1_101' title='bbox 864 1249 913 1291; x_wconf 92' lang='lat' dir='ltr'>in</span> <span class='ocrx_word' id='word_1_102' title='bbox 948 1263 1043 1305; x_wconf 94' lang='lat' dir='ltr'>quo</span> <span class='ocrx_word' id='word_1_103' title='bbox 1078 1248 1372 1291; x_wconf 73' lang='lat' dir='ltr'>Willielmus</span> <span class='ocrx_word' id='word_1_104' title='bbox 1408 1262 1521 1291; x_wconf 87' lang='lat' dir='ltr'>man</span> <span class='ocrx_word' id='word_1_105' title='bbox 1556 1262 1682 1290; x_wconf 89' lang='lat' dir='ltr'>nunc</span> <span class='ocrx_word' id='word_1_106' title='bbox 1722 1245 1969 1290; x_wconf 89' lang='lat' dir='ltr'>inhabitat</span> <span class='ocrx_word' id='word_1_107' title='bbox 2002 1260 2060 1289; x_wconf 82' lang='lat' dir='ltr'>ex</span> 
     </span>
     <span class='ocr_line' id='line_1_16' title="bbox 314 1315 2062 1376; baseline -0.002 -14"><span class='ocrx_word' id='word_1_108' title='bbox 314 1324 450 1376; x_wconf 88' lang='lat' dir='ltr'>parte</span> <span class='ocrx_word' id='word_1_109' title='bbox 494 1318 735 1371; x_wconf 87' lang='lat' dir='ltr'>orientali,</span> <span class='ocrx_word' id='word_1_110' title='bbox 771 1323 818 1362; x_wconf 93' lang='lat' dir='ltr'>et</span> <span class='ocrx_word' id='word_1_111' title='bbox 862 1322 1194 1361; x_wconf 89' lang='lat' dir='ltr'>tenementum</span> <span class='ocrx_word' id='word_1_112' title='bbox 1238 1318 1356 1361; x_wconf 86' lang='lat' dir='ltr'>dicti</span> <span class='ocrx_word' id='word_1_113' title='bbox 1401 1317 1635 1361; x_wconf 88' lang='lat' dir='ltr'>Johannis</span> <span class='ocrx_word' id='word_1_114' title='bbox 1677 1318 1889 1372; x_wconf 84' lang='lat' dir='ltr'>Wrangy</span> <span class='ocrx_word' id='word_1_115' title='bbox 1932 1315 2062 1372; x_wconf 93' lang='lat' dir='ltr'>quod</span> 
     </span>
     <span class='ocr_line' id='line_1_17' title="bbox 315 1385 2063 1445; baseline -0.002 -13"><span class='ocrx_word' id='word_1_116' title='bbox 315 1403 463 1445; x_wconf 86' lang='lat' dir='ltr'>nuper</span> <span class='ocrx_word' id='word_1_117' title='bbox 486 1387 579 1432; x_wconf 82' lang='lat' dir='ltr'>fuit</span> <span class='ocrx_word' id='word_1_118' title='bbox 601 1387 788 1431; x_wconf 88' lang='lat' dir='ltr'>Thome</span> <span class='ocrx_word' id='word_1_119' title='bbox 811 1393 913 1431; x_wconf 92' lang='lat' dir='ltr'>atte</span> <span class='ocrx_word' id='word_1_120' title='bbox 938 1388 1117 1431; x_wconf 86' lang='lat' dir='ltr'>Mersch</span> <span class='ocrx_word' id='word_1_121' title='bbox 1141 1402 1199 1431; x_wconf 75' lang='lat' dir='ltr'>ex</span> <span class='ocrx_word' id='word_1_122' title='bbox 1222 1393 1358 1444; x_wconf 88' lang='lat' dir='ltr'>parte</span> <span class='ocrx_word' id='word_1_123' title='bbox 1382 1387 1581 1431; x_wconf 76' lang='lat' dir='ltr'>australi</span> <span class='ocrx_word' id='word_1_124' title='bbox 1610 1391 1657 1430; x_wconf 90' lang='lat' dir='ltr'>et</span> <span class='ocrx_word' id='word_1_125' title='bbox 1688 1385 1979 1429; x_wconf 88' lang='lat' dir='ltr'>occidentali</span> <span class='ocrx_word' id='word_1_126' title='bbox 2015 1390 2063 1428; x_wconf 91' lang='lat' dir='ltr'>et</span> 
     </span>
     <span class='ocr_line' id='line_1_18' title="bbox 315 1454 2061 1514; baseline -0.003 -12"><span class='ocrx_word' id='word_1_127' title='bbox 315 1457 508 1502; x_wconf 83' lang='lat' dir='ltr'>foveam</span> <span class='ocrx_word' id='word_1_128' title='bbox 546 1459 691 1502; x_wconf 88' lang='lat' dir='ltr'>castri</span> <span class='ocrx_word' id='word_1_129' title='bbox 731 1473 789 1501; x_wconf 79' lang='lat' dir='ltr'>ex</span> <span class='ocrx_word' id='word_1_130' title='bbox 827 1463 962 1514; x_wconf 89' lang='lat' dir='ltr'>parte</span> <span class='ocrx_word' id='word_1_131' title='bbox 1000 1457 1204 1509; x_wconf 88' lang='lat' dir='ltr'>boriali;</span> <span class='ocrx_word' id='word_1_132' title='bbox 1241 1456 1518 1500; x_wconf 86' lang='lat' dir='ltr'>habendum</span> <span class='ocrx_word' id='word_1_133' title='bbox 1551 1461 1598 1500; x_wconf 91' lang='lat' dir='ltr'>et</span> <span class='ocrx_word' id='word_1_134' title='bbox 1633 1455 1894 1500; x_wconf 90' lang='lat' dir='ltr'>tenendum</span> <span class='ocrx_word' id='word_1_135' title='bbox 1929 1454 2061 1498; x_wconf 89' lang='lat' dir='ltr'>dicta</span> 
     </span>
     <span class='ocr_line' id='line_1_19' title="bbox 316 1523 2062 1585; baseline -0.003 -13"><span class='ocrx_word' id='word_1_136' title='bbox 316 1528 411 1572; x_wconf 93' lang='lat' dir='ltr'>duo</span> <span class='ocrx_word' id='word_1_137' title='bbox 465 1533 756 1580; x_wconf 88' lang='lat' dir='ltr'>tenementa,</span> <span class='ocrx_word' id='word_1_138' title='bbox 812 1533 916 1580; x_wconf 60' lang='lat' dir='ltr'>etc„</span> <span class='ocrx_word' id='word_1_139' title='bbox 970 1526 1158 1584; x_wconf 86' lang='lat' dir='ltr'>prefato</span> <span class='ocrx_word' id='word_1_140' title='bbox 1212 1527 1422 1585; x_wconf 89' lang='lat' dir='ltr'>Johanni</span> <span class='ocrx_word' id='word_1_141' title='bbox 1477 1526 1660 1583; x_wconf 87' lang='lat' dir='ltr'>Beneyt</span> <span class='ocrx_word' id='word_1_142' title='bbox 1711 1523 1966 1568; x_wconf 86' lang='lat' dir='ltr'>heredibus</span> <span class='ocrx_word' id='word_1_143' title='bbox 2015 1528 2062 1567; x_wconf 86' lang='lat' dir='ltr'>et</span> 
     </span>
     <span class='ocr_line' id='line_1_20' title="bbox 315 1593 2063 1655; baseline -0.003 -14"><span class='ocrx_word' id='word_1_144' title='bbox 315 1598 574 1655; x_wconf 85' lang='lat' dir='ltr'>assignatis</span> <span class='ocrx_word' id='word_1_145' title='bbox 611 1598 707 1641; x_wconf 90' lang='lat' dir='ltr'>suis</span> <span class='ocrx_word' id='word_1_146' title='bbox 742 1612 771 1640; x_wconf 95' lang='lat' dir='ltr'>a</span> <span class='ocrx_word' id='word_1_147' title='bbox 802 1598 879 1640; x_wconf 90' lang='lat' dir='ltr'>die</span> <span class='ocrx_word' id='word_1_148' title='bbox 910 1596 1230 1640; x_wconf 80' lang='lat' dir='ltr'>confectionis</span> <span class='ocrx_word' id='word_1_149' title='bbox 1264 1596 1495 1653; x_wconf 85' lang='lat' dir='ltr'>presentis</span> <span class='ocrx_word' id='word_1_150' title='bbox 1529 1610 1677 1651; x_wconf 93' lang='lat' dir='ltr'>usque</span> <span class='ocrx_word' id='word_1_151' title='bbox 1710 1594 1773 1638; x_wconf 93' lang='lat' dir='ltr'>ad</span> <span class='ocrx_word' id='word_1_152' title='bbox 1803 1593 2063 1637; x_wconf 89' lang='lat' dir='ltr'>terminum</span> 
     </span>
     <span class='ocr_line' id='line_1_21' title="bbox 313 1663 2058 1722; baseline -0.002 -12"><span class='ocrx_word' id='word_1_153' title='bbox 313 1682 490 1711; x_wconf 88' lang='lat' dir='ltr'>novem</span> <span class='ocrx_word' id='word_1_154' title='bbox 525 1667 773 1710; x_wconf 87' lang='lat' dir='ltr'>Annorum</span> <span class='ocrx_word' id='word_1_155' title='bbox 812 1671 988 1710; x_wconf 78' lang='lat' dir='ltr'>extunc</span> <span class='ocrx_word' id='word_1_156' title='bbox 1023 1666 1241 1722; x_wconf 77' lang='lat' dir='ltr'>proxime</span> <span class='ocrx_word' id='word_1_157' title='bbox 1277 1670 1562 1722; x_wconf 88' lang='lat' dir='ltr'>sequentum</span> <span class='ocrx_word' id='word_1_158' title='bbox 1598 1670 1645 1708; x_wconf 90' lang='lat' dir='ltr'>et</span> <span class='ocrx_word' id='word_1_159' title='bbox 1683 1663 1898 1721; x_wconf 78' lang='lat' dir='ltr'>plenarie</span> <span class='ocrx_word' id='word_1_160' title='bbox 1930 1677 2058 1706; x_wconf 89' lang='lat' dir='ltr'>com-</span> 
     </span>
     <span class='ocr_line' id='line_1_22' title="bbox 313 1732 2063 1793; baseline -0.003 -13"><span class='ocrx_word' id='word_1_161' title='bbox 313 1736 627 1793; x_wconf 87' lang='lat' dir='ltr'>plendorum;</span> <span class='ocrx_word' id='word_1_162' title='bbox 676 1735 943 1779; x_wconf 86' lang='lat' dir='ltr'>Reddendo</span> <span class='ocrx_word' id='word_1_163' title='bbox 986 1735 1099 1778; x_wconf 92' lang='lat' dir='ltr'>inde</span> <span class='ocrx_word' id='word_1_164' title='bbox 1153 1736 1409 1778; x_wconf 88' lang='lat' dir='ltr'>annuatim</span> <span class='ocrx_word' id='word_1_165' title='bbox 1454 1733 1642 1791; x_wconf 76' lang='lat' dir='ltr'>prefato</span> <span class='ocrx_word' id='word_1_166' title='bbox 1690 1732 1961 1777; x_wconf 85' lang='lat' dir='ltr'>Willielmo</span> <span class='ocrx_word' id='word_1_167' title='bbox 2015 1736 2063 1775; x_wconf 94' lang='lat' dir='ltr'>et</span> 
     </span>
     <span class='ocr_line' id='line_1_23' title="bbox 318 1801 2064 1863; baseline -0.003 -13"><span class='ocrx_word' id='word_1_168' title='bbox 318 1806 550 1863; x_wconf 84' lang='lat' dir='ltr'>Margerie</span> <span class='ocrx_word' id='word_1_169' title='bbox 593 1804 848 1849; x_wconf 83' lang='lat' dir='ltr'>heredibus</span> <span class='ocrx_word' id='word_1_170' title='bbox 899 1809 946 1848; x_wconf 90' lang='lat' dir='ltr'>et</span> <span class='ocrx_word' id='word_1_171' title='bbox 1001 1819 1164 1848; x_wconf 87' lang='lat' dir='ltr'>eorum</span> <span class='ocrx_word' id='word_1_172' title='bbox 1218 1804 1478 1861; x_wconf 81' lang='lat' dir='ltr'>assignatis</span> <span class='ocrx_word' id='word_1_173' title='bbox 1532 1802 1789 1846; x_wconf 91' lang='lat' dir='ltr'>duodecim</span> <span class='ocrx_word' id='word_1_174' title='bbox 1842 1801 2064 1845; x_wconf 89' lang='lat' dir='ltr'>denarios</span> 
     </span>
     <span class='ocr_line' id='line_1_24' title="bbox 316 1870 2064 1933; baseline -0.003 -14"><span class='ocrx_word' id='word_1_175' title='bbox 316 1876 503 1933; x_wconf 82' lang='lat' dir='ltr'>argenti</span> <span class='ocrx_word' id='word_1_176' title='bbox 541 1875 603 1918; x_wconf 93' lang='lat' dir='ltr'>ad</span> <span class='ocrx_word' id='word_1_177' title='bbox 639 1880 847 1931; x_wconf 89' lang='lat' dir='ltr'>quatuor</span> <span class='ocrx_word' id='word_1_178' title='bbox 878 1875 994 1918; x_wconf 92' lang='lat' dir='ltr'>anni</span> <span class='ocrx_word' id='word_1_179' title='bbox 1026 1874 1255 1917; x_wconf 89' lang='lat' dir='ltr'>terminos</span> <span class='ocrx_word' id='word_1_180' title='bbox 1284 1873 1577 1930; x_wconf 86' lang='lat' dir='ltr'>principales</span> <span class='ocrx_word' id='word_1_181' title='bbox 1600 1872 1734 1928; x_wconf 90' lang='lat' dir='ltr'>equis</span> <span class='ocrx_word' id='word_1_182' title='bbox 1755 1870 2064 1928; x_wconf 86' lang='lat' dir='ltr'>porcionibus</span> 
     </span>
     <span class='ocr_line' id='line_1_25' title="bbox 316 1939 2064 2001; baseline -0.004 -12"><span class='ocrx_word' id='word_1_183' title='bbox 316 1960 401 2001; x_wconf 89' lang='lat' dir='ltr'>pro</span> <span class='ocrx_word' id='word_1_184' title='bbox 424 1944 649 1989; x_wconf 91' lang='lat' dir='ltr'>omnibus</span> <span class='ocrx_word' id='word_1_185' title='bbox 672 1944 784 1988; x_wconf 88' lang='lat' dir='ltr'>aliis</span> <span class='ocrx_word' id='word_1_186' title='bbox 806 1944 1020 1988; x_wconf 88' lang='lat' dir='ltr'>serviciis</span> <span class='ocrx_word' id='word_1_187' title='bbox 1050 1949 1098 1987; x_wconf 91' lang='lat' dir='ltr'>et</span> <span class='ocrx_word' id='word_1_188' title='bbox 1131 1943 1397 1987; x_wconf 88' lang='lat' dir='ltr'>demandis.</span> <span class='ocrx_word' id='word_1_189' title='bbox 1464 1942 1525 1985; x_wconf 89' lang='lat' dir='ltr'>Et</span> <span class='ocrx_word' id='word_1_190' title='bbox 1562 1943 1600 1985; x_wconf 91' lang='lat' dir='ltr'>si</span> <span class='ocrx_word' id='word_1_191' title='bbox 1640 1941 1896 1998; x_wconf 83' lang='lat' dir='ltr'>contingat</span> <span class='ocrx_word' id='word_1_192' title='bbox 1931 1939 2064 1983; x_wconf 87' lang='lat' dir='ltr'>dicta</span> 
     </span>
     <span class='ocr_line' id='line_1_26' title="bbox 317 2009 2063 2070; baseline -0.003 -12"><span class='ocrx_word' id='word_1_193' title='bbox 317 2015 412 2059; x_wconf 91' lang='lat' dir='ltr'>duo</span> <span class='ocrx_word' id='word_1_194' title='bbox 467 2019 745 2058; x_wconf 90' lang='lat' dir='ltr'>tenementa</span> <span class='ocrx_word' id='word_1_195' title='bbox 799 2014 875 2057; x_wconf 91' lang='lat' dir='ltr'>vel</span> <span class='ocrx_word' id='word_1_196' title='bbox 929 2013 1132 2070; x_wconf 85' lang='lat' dir='ltr'>aliquod</span> <span class='ocrx_word' id='word_1_197' title='bbox 1186 2013 1382 2057; x_wconf 87' lang='lat' dir='ltr'>illorum</span> <span class='ocrx_word' id='word_1_198' title='bbox 1445 2017 1570 2056; x_wconf 90' lang='lat' dir='ltr'>stare</span> <span class='ocrx_word' id='word_1_199' title='bbox 1626 2025 1834 2055; x_wconf 90' lang='lat' dir='ltr'>vacuum</span> <span class='ocrx_word' id='word_1_200' title='bbox 1897 2009 2063 2066; x_wconf 89' lang='lat' dir='ltr'>aliquo</span> 
     </span>
     <span class='ocr_line' id='line_1_27' title="bbox 317 2079 2064 2141; baseline -0.004 -13"><span class='ocrx_word' id='word_1_201' title='bbox 317 2089 532 2141; x_wconf 87' lang='lat' dir='ltr'>ternpore</span> <span class='ocrx_word' id='word_1_202' title='bbox 562 2083 687 2127; x_wconf 87' lang='lat' dir='ltr'>infra</span> <span class='ocrx_word' id='word_1_203' title='bbox 711 2083 971 2128; x_wconf 87' lang='lat' dir='ltr'>terminum</span> <span class='ocrx_word' id='word_1_204' title='bbox 1000 2082 1284 2139; x_wconf 89' lang='lat' dir='ltr'>predictum,</span> <span class='ocrx_word' id='word_1_205' title='bbox 1311 2083 1381 2125; x_wconf 89' lang='lat' dir='ltr'>ita</span> <span class='ocrx_word' id='word_1_206' title='bbox 1415 2082 1544 2138; x_wconf 91' lang='lat' dir='ltr'>quod</span> <span class='ocrx_word' id='word_1_207' title='bbox 1576 2079 1789 2138; x_wconf 80' lang='lat' dir='ltr'>prefatus</span> <span class='ocrx_word' id='word_1_208' title='bbox 1823 2079 2064 2123; x_wconf 88' lang='lat' dir='ltr'>Johannes</span> 
     </span>
     <span class='ocr_line' id='line_1_28' title="bbox 317 2148 2065 2211; baseline -0.003 -14"><span class='ocrx_word' id='word_1_209' title='bbox 317 2154 514 2211; x_wconf 86' lang='lat' dir='ltr'>Beneyt‚</span> <span class='ocrx_word' id='word_1_210' title='bbox 559 2159 664 2207; x_wconf 84' lang='lat' dir='ltr'>etc.‚</span> <span class='ocrx_word' id='word_1_211' title='bbox 709 2168 804 2197; x_wconf 92' lang='lat' dir='ltr'>non</span> <span class='ocrx_word' id='word_1_212' title='bbox 856 2157 1055 2209; x_wconf 90' lang='lat' dir='ltr'>possunt</span> <span class='ocrx_word' id='word_1_213' title='bbox 1109 2152 1167 2196; x_wconf 93' lang='lat' dir='ltr'>de</span> <span class='ocrx_word' id='word_1_214' title='bbox 1220 2151 1412 2195; x_wconf 90' lang='lat' dir='ltr'>redditu</span> <span class='ocrx_word' id='word_1_215' title='bbox 1465 2151 1776 2207; x_wconf 88' lang='lat' dir='ltr'>proveniente</span> <span class='ocrx_word' id='word_1_216' title='bbox 1820 2149 1878 2192; x_wconf 89' lang='lat' dir='ltr'>de</span> <span class='ocrx_word' id='word_1_217' title='bbox 1921 2148 2065 2192; x_wconf 89' lang='lat' dir='ltr'>dictis</span> 
     </span>
     <span class='ocr_line' id='line_1_29' title="bbox 316 2218 2061 2278; baseline -0.003 -11"><span class='ocrx_word' id='word_1_218' title='bbox 316 2223 503 2267; x_wconf 91' lang='lat' dir='ltr'>duobus</span> <span class='ocrx_word' id='word_1_219' title='bbox 540 2223 828 2267; x_wconf 87' lang='lat' dir='ltr'>tenementis</span> <span class='ocrx_word' id='word_1_220' title='bbox 864 2221 987 2266; x_wconf 84' lang='lat' dir='ltr'>infra</span> <span class='ocrx_word' id='word_1_221' title='bbox 1022 2222 1282 2266; x_wconf 90' lang='lat' dir='ltr'>terminum</span> <span class='ocrx_word' id='word_1_222' title='bbox 1318 2221 1590 2278; x_wconf 90' lang='lat' dir='ltr'>predictum</span> <span class='ocrx_word' id='word_1_223' title='bbox 1628 2219 1787 2263; x_wconf 88' lang='lat' dir='ltr'>levare</span> <span class='ocrx_word' id='word_1_224' title='bbox 1819 2218 2061 2275; x_wconf 86' lang='lat' dir='ltr'>percipere</span> 
     </span>
     <span class='ocr_line' id='line_1_30' title="bbox 317 2289 2063 2347; baseline -0.004 -10"><span class='ocrx_word' id='word_1_225' title='bbox 317 2297 364 2337; x_wconf 92' lang='lat' dir='ltr'>et</span> <span class='ocrx_word' id='word_1_226' title='bbox 400 2292 576 2337; x_wconf 86' lang='lat' dir='ltr'>habere</span> <span class='ocrx_word' id='word_1_227' title='bbox 610 2292 854 2336; x_wconf 88' lang='lat' dir='ltr'>redditum</span> <span class='ocrx_word' id='word_1_228' title='bbox 889 2291 952 2335; x_wconf 92' lang='lat' dir='ltr'>ad</span> <span class='ocrx_word' id='word_1_229' title='bbox 986 2306 1227 2335; x_wconf 90' lang='lat' dir='ltr'>summam</span> <span class='ocrx_word' id='word_1_230' title='bbox 1261 2295 1308 2334; x_wconf 92' lang='lat' dir='ltr'>et</span> <span class='ocrx_word' id='word_1_231' title='bbox 1341 2290 1557 2334; x_wconf 89' lang='lat' dir='ltr'>valorem</span> <span class='ocrx_word' id='word_1_232' title='bbox 1589 2289 1768 2347; x_wconf 82' lang='lat' dir='ltr'>viginti</span> <span class='ocrx_word' id='word_1_233' title='bbox 1799 2292 1847 2332; x_wconf 89' lang='lat' dir='ltr'>et</span> <span class='ocrx_word' id='word_1_234' title='bbox 1879 2291 2063 2344; x_wconf 88' lang='lat' dir='ltr'>septem</span> 
     </span>
     <span class='ocr_line' id='line_1_31' title="bbox 317 2357 2064 2416; baseline -0.004 -10"><span class='ocrx_word' id='word_1_235' title='bbox 317 2362 563 2416; x_wconf 87' lang='lat' dir='ltr'>librarum,</span> <span class='ocrx_word' id='word_1_236' title='bbox 603 2367 718 2406; x_wconf 89' lang='lat' dir='ltr'>tunc</span> <span class='ocrx_word' id='word_1_237' title='bbox 772 2361 942 2405; x_wconf 92' lang='lat' dir='ltr'>volunt</span> <span class='ocrx_word' id='word_1_238' title='bbox 996 2366 1043 2404; x_wconf 91' lang='lat' dir='ltr'>et</span> <span class='ocrx_word' id='word_1_239' title='bbox 1096 2360 1368 2404; x_wconf 90' lang='lat' dir='ltr'>concedunt</span> <span class='ocrx_word' id='word_1_240' title='bbox 1430 2358 1605 2416; x_wconf 81' lang='lat' dir='ltr'>prefati</span> <span class='ocrx_word' id='word_1_241' title='bbox 1663 2357 1959 2402; x_wconf 76' lang='lat' dir='ltr'>VVillielmus</span> <span class='ocrx_word' id='word_1_242' title='bbox 2017 2360 2064 2399; x_wconf 92' lang='lat' dir='ltr'>et</span> 
     </span>
     <span class='ocr_line' id='line_1_32' title="bbox 319 2424 2064 2489; baseline -0.004 -14"><span class='ocrx_word' id='word_1_243' title='bbox 319 2431 557 2489; x_wconf 82' lang='lat' dir='ltr'>Margeria</span> <span class='ocrx_word' id='word_1_244' title='bbox 593 2446 679 2488; x_wconf 91' lang='lat' dir='ltr'>pro</span> <span class='ocrx_word' id='word_1_245' title='bbox 716 2445 765 2475; x_wconf 90' lang='lat' dir='ltr'>se</span> <span class='ocrx_word' id='word_1_246' title='bbox 803 2429 1057 2474; x_wconf 92' lang='lat' dir='ltr'>heredibus</span> <span class='ocrx_word' id='word_1_247' title='bbox 1092 2435 1139 2473; x_wconf 93' lang='lat' dir='ltr'>et</span> <span class='ocrx_word' id='word_1_248' title='bbox 1177 2429 1437 2487; x_wconf 84' lang='lat' dir='ltr'>assignatis</span> <span class='ocrx_word' id='word_1_249' title='bbox 1476 2443 1639 2472; x_wconf 87' lang='lat' dir='ltr'>eorum</span> <span class='ocrx_word' id='word_1_250' title='bbox 1679 2426 1808 2484; x_wconf 93' lang='lat' dir='ltr'>quod</span> <span class='ocrx_word' id='word_1_251' title='bbox 1851 2424 2064 2482; x_wconf 83' lang='lat' dir='ltr'>prefatus</span> 
     </span>
     <span class='ocr_line' id='line_1_33' title="bbox 316 2496 2062 2559; baseline -0.005 -14"><span class='ocrx_word' id='word_1_252' title='bbox 316 2501 559 2559; x_wconf 89' lang='lat' dir='ltr'>Johannes</span> <span class='ocrx_word' id='word_1_253' title='bbox 582 2500 779 2557; x_wconf 79' lang='lat' dir='ltr'>Beneyt,</span> <span class='ocrx_word' id='word_1_254' title='bbox 803 2505 907 2553; x_wconf 78' lang='lat' dir='ltr'>eto,</span> <span class='ocrx_word' id='word_1_255' title='bbox 932 2504 1129 2543; x_wconf 87' lang='lat' dir='ltr'>teneant</span> <span class='ocrx_word' id='word_1_256' title='bbox 1160 2504 1207 2542; x_wconf 90' lang='lat' dir='ltr'>et</span> <span class='ocrx_word' id='word_1_257' title='bbox 1236 2498 1451 2542; x_wconf 86' lang='lat' dir='ltr'>habeant</span> <span class='ocrx_word' id='word_1_258' title='bbox 1481 2498 1614 2541; x_wconf 89' lang='lat' dir='ltr'>dicta</span> <span class='ocrx_word' id='word_1_259' title='bbox 1642 2496 1738 2540; x_wconf 92' lang='lat' dir='ltr'>duo</span> <span class='ocrx_word' id='word_1_260' title='bbox 1772 2499 2062 2547; x_wconf 89' lang='lat' dir='ltr'>tenementa,</span> 
     </span>
     <span class='ocr_line' id='line_1_34' title="bbox 318 2564 2064 2627; baseline -0.005 -13"><span class='ocrx_word' id='word_1_261' title='bbox 318 2576 422 2624; x_wconf 74' lang='lat' dir='ltr'>eto,</span> <span class='ocrx_word' id='word_1_262' title='bbox 467 2585 549 2627; x_wconf 89' lang='lat' dir='ltr'>per</span> <span class='ocrx_word' id='word_1_263' title='bbox 592 2574 784 2613; x_wconf 88' lang='lat' dir='ltr'>tantum</span> <span class='ocrx_word' id='word_1_264' title='bbox 828 2574 1016 2625; x_wconf 89' lang='lat' dir='ltr'>tempus</span> <span class='ocrx_word' id='word_1_265' title='bbox 1060 2573 1107 2612; x_wconf 91' lang='lat' dir='ltr'>et</span> <span class='ocrx_word' id='word_1_266' title='bbox 1151 2582 1302 2611; x_wconf 91' lang='lat' dir='ltr'>annos</span> <span class='ocrx_word' id='word_1_267' title='bbox 1346 2567 1473 2611; x_wconf 90' lang='lat' dir='ltr'>ultra</span> <span class='ocrx_word' id='word_1_268' title='bbox 1518 2566 1779 2610; x_wconf 86' lang='lat' dir='ltr'>terminum</span> <span class='ocrx_word' id='word_1_269' title='bbox 1824 2564 2064 2608; x_wconf 87' lang='lat' dir='ltr'>dictorum</span> 
     </span>
     <span class='ocr_line' id='line_1_35' title="bbox 317 2632 2061 2694; baseline -0.005 -10"><span class='ocrx_word' id='word_1_270' title='bbox 317 2655 492 2684; x_wconf 90' lang='lat' dir='ltr'>novem</span> <span class='ocrx_word' id='word_1_271' title='bbox 530 2654 766 2683; x_wconf 89' lang='lat' dir='ltr'>annorum</span> <span class='ocrx_word' id='word_1_272' title='bbox 805 2639 1077 2694; x_wconf 88' lang='lat' dir='ltr'>elapsorum</span> <span class='ocrx_word' id='word_1_273' title='bbox 1116 2652 1361 2694; x_wconf 86' lang='lat' dir='ltr'>quousque</span> <span class='ocrx_word' id='word_1_274' title='bbox 1397 2637 1486 2693; x_wconf 91' lang='lat' dir='ltr'>ipsi</span> <span class='ocrx_word' id='word_1_275' title='bbox 1521 2635 1788 2679; x_wconf 86' lang='lat' dir='ltr'>levaverint</span> <span class='ocrx_word' id='word_1_276' title='bbox 1815 2638 1862 2677; x_wconf 92' lang='lat' dir='ltr'>et</span> <span class='ocrx_word' id='word_1_277' title='bbox 1884 2632 2061 2676; x_wconf 89' lang='lat' dir='ltr'>habue—</span> 
     </span>
     <span class='ocr_line' id='line_1_36' title="bbox 318 2702 2061 2764; baseline -0.005 -11"><span class='ocrx_word' id='word_1_278' title='bbox 318 2710 413 2753; x_wconf 86' lang='lat' dir='ltr'>rint</span> <span class='ocrx_word' id='word_1_279' title='bbox 451 2714 643 2753; x_wconf 88' lang='lat' dir='ltr'>tantam</span> <span class='ocrx_word' id='word_1_280' title='bbox 679 2723 920 2752; x_wconf 88' lang='lat' dir='ltr'>summam</span> <span class='ocrx_word' id='word_1_281' title='bbox 953 2707 1155 2764; x_wconf 90' lang='lat' dir='ltr'>pecunie</span> <span class='ocrx_word' id='word_1_282' title='bbox 1195 2707 1252 2750; x_wconf 92' lang='lat' dir='ltr'>de</span> <span class='ocrx_word' id='word_1_283' title='bbox 1292 2706 1480 2750; x_wconf 89' lang='lat' dir='ltr'>redditu</span> <span class='ocrx_word' id='word_1_284' title='bbox 1516 2704 1826 2762; x_wconf 84' lang='lat' dir='ltr'>proveniente</span> <span class='ocrx_word' id='word_1_285' title='bbox 1865 2702 1923 2746; x_wconf 92' lang='lat' dir='ltr'>de</span> <span class='ocrx_word' id='word_1_286' title='bbox 1962 2716 2061 2758; x_wconf 89' lang='lat' dir='ltr'>pre-</span> 
     </span>
     <span class='ocr_line' id='line_1_37' title="bbox 319 2771 2064 2832; baseline -0.005 -10"><span class='ocrx_word' id='word_1_287' title='bbox 319 2779 462 2822; x_wconf 89' lang='lat' dir='ltr'>dictis</span> <span class='ocrx_word' id='word_1_288' title='bbox 500 2778 685 2822; x_wconf 87' lang='lat' dir='ltr'>duobus</span> <span class='ocrx_word' id='word_1_289' title='bbox 725 2777 1025 2830; x_wconf 89' lang='lat' dir='ltr'>tenementis,</span> <span class='ocrx_word' id='word_1_290' title='bbox 1066 2781 1170 2828; x_wconf 77' lang='lat' dir='ltr'>eto,</span> <span class='ocrx_word' id='word_1_291' title='bbox 1211 2781 1396 2832; x_wconf 85' lang='lat' dir='ltr'>quanta</span> <span class='ocrx_word' id='word_1_292' title='bbox 1440 2775 1507 2818; x_wconf 90' lang='lat' dir='ltr'>eis</span> <span class='ocrx_word' id='word_1_293' title='bbox 1551 2773 1713 2818; x_wconf 88' lang='lat' dir='ltr'>deficit</span> <span class='ocrx_word' id='word_1_294' title='bbox 1751 2772 1808 2816; x_wconf 89' lang='lat' dir='ltr'>de</span> <span class='ocrx_word' id='word_1_295' title='bbox 1848 2771 2064 2828; x_wconf 87' lang='lat' dir='ltr'>predicta</span> 
     </span>
     <span class='ocr_line' id='line_1_38' title="bbox 321 2839 2066 2906; baseline -0.006 -14"><span class='ocrx_word' id='word_1_296' title='bbox 321 2863 510 2892; x_wconf 86' lang='lat' dir='ltr'>summa</span> <span class='ocrx_word' id='word_1_297' title='bbox 550 2848 723 2906; x_wconf 81' lang='lat' dir='ltr'>viginti</span> <span class='ocrx_word' id='word_1_298' title='bbox 764 2853 811 2891; x_wconf 92' lang='lat' dir='ltr'>et</span> <span class='ocrx_word' id='word_1_299' title='bbox 846 2852 1031 2903; x_wconf 88' lang='lat' dir='ltr'>septem</span> <span class='ocrx_word' id='word_1_300' title='bbox 1063 2846 1294 2889; x_wconf 87' lang='lat' dir='ltr'>librarum</span> <span class='ocrx_word' id='word_1_301' title='bbox 1330 2845 1540 2888; x_wconf 88' lang='lat' dir='ltr'>insoluta</span> <span class='ocrx_word' id='word_1_302' title='bbox 1575 2843 1650 2886; x_wconf 90' lang='lat' dir='ltr'>vel</span> <span class='ocrx_word' id='word_1_303' title='bbox 1686 2857 1781 2886; x_wconf 90' lang='lat' dir='ltr'>non</span> <span class='ocrx_word' id='word_1_304' title='bbox 1815 2839 2066 2884; x_wconf 83' lang='lat' dir='ltr'>satisfacta</span> 
     </span>
    </p>
   </div>
   <div class='ocr_carea' id='block_1_6' title="bbox 335 3024 1453 3030">
    <p class='ocr_par' dir='ltr' id='par_1_6' title="bbox 335 3024 1453 3030">
     <span class='ocr_line' id='line_1_39' title="bbox 335 3024 1453 3030; baseline 0 0"><span class='ocrx_word' id='word_1_305' title='bbox 335 3024 1453 3030; x_wconf 95' lang='lat' dir='ltr'> </span> 
     </span>
    </p>
   </div>
   <div class='ocr_carea' id='block_1_7' title="bbox 361 3077 2032 3153">
    <p class='ocr_par' dir='ltr' id='par_1_7' title="bbox 361 3077 2032 3153">
     <span class='ocr_line' id='line_1_40' title="bbox 439 3077 2032 3116; baseline -0.006 -6"><span class='ocrx_word' id='word_1_306' title='bbox 439 3085 449 3105; x_wconf 88' lang='lat' dir='ltr'>l</span> <span class='ocrx_word' id='word_1_307' title='bbox 466 3085 594 3111; x_wconf 72' lang='lat' dir='ltr'>Themis</span> <span class='ocrx_word' id='word_1_308' title='bbox 606 3091 643 3110; x_wconf 92' lang='lat' dir='ltr'>no</span> <span class='ocrx_word' id='word_1_309' title='bbox 654 3085 780 3116; x_wconf 81' lang='lat' dir='ltr'>heading</span> <span class='ocrx_word' id='word_1_310' title='bbox 792 3086 822 3110; x_wconf 78' lang='lat' dir='ltr'>to</span> <span class='ocrx_word' id='word_1_311' title='bbox 837 3085 894 3110; x_wconf 79' lang='lat' dir='ltr'>this</span> <span class='ocrx_word' id='word_1_312' title='bbox 905 3084 985 3115; x_wconf 69' lang='lat' dir='ltr'>deod,</span> <span class='ocrx_word' id='word_1_313' title='bbox 1000 3083 1093 3109; x_wconf 80' lang='lat' dir='ltr'>which</span> <span class='ocrx_word' id='word_1_314' title='bbox 1106 3083 1158 3109; x_wconf 77' lang='lat' dir='ltr'>has</span> <span class='ocrx_word' id='word_1_315' title='bbox 1170 3083 1241 3109; x_wconf 74' lang='lat' dir='ltr'>been</span> <span class='ocrx_word' id='word_1_316' title='bbox 1256 3083 1353 3114; x_wconf 68' lang='lat' dir='ltr'>partly</span> <span class='ocrx_word' id='word_1_317' title='bbox 1367 3080 1547 3108; x_wconf 64' lang='lat' dir='ltr'>transm-ibent</span> <span class='ocrx_word' id='word_1_318' title='bbox 1562 3080 1657 3110; x_wconf 78' lang='lat' dir='ltr'>owing</span> <span class='ocrx_word' id='word_1_319' title='bbox 1675 3080 1706 3105; x_wconf 75' lang='lat' dir='ltr'>to</span> <span class='ocrx_word' id='word_1_320' title='bbox 1732 3079 1780 3103; x_wconf 69' lang='lat' dir='ltr'>the</span> <span class='ocrx_word' id='word_1_321' title='bbox 1798 3077 1991 3109; x_wconf 73' lang='lat' dir='ltr'>peculim-mes</span> <span class='ocrx_word' id='word_1_322' title='bbox 2003 3077 2032 3101; x_wconf 90' lang='lat' dir='ltr'>in</span> 
     </span>
     <span class='ocr_line' id='line_1_41' title="bbox 361 3126 787 3153; baseline 0.002 -1"><span class='ocrx_word' id='word_1_323' title='bbox 361 3126 411 3152; x_wconf 72' lang='lat' dir='ltr'>the</span> <span class='ocrx_word' id='word_1_324' title='bbox 424 3127 589 3152; x_wconf 74' lang='lat' dir='ltr'>conditions</span> <span class='ocrx_word' id='word_1_325' title='bbox 600 3127 630 3152; x_wconf 76' lang='lat' dir='ltr'>of</span> <span class='ocrx_word' id='word_1_326' title='bbox 643 3126 692 3152; x_wconf 76' lang='lat' dir='ltr'>the</span> <span class='ocrx_word' id='word_1_327' title='bbox 705 3127 787 3153; x_wconf 77' lang='lat' dir='ltr'>lease.</span> 
     </span>
    </p>
   </div>
  </div>
 </body>
</html>
