2212 3408
321 167 379 211 42
911 166 1003 196 THE
1038 165 1194 196 BLACK
1228 165 1353 196 BOOK

850 316 950 360 Fol.
987 315 1027 359 V
1051 316 1089 359 B
1114 314 1397 373 (continued).

258 418 581 463 includuntur.
648 418 984 463 Concessimus
1019 419 1208 475 insuper
1243 419 1400 462 eidem
1434 417 1643 462 Johanni
1681 418 1859 475 Bigard
1889 424 1999 462 octo

259 503 393 532 acras
437 494 556 532 terre
593 503 704 532 cum
742 494 914 545 quarta
951 494 1086 545 parte
1126 488 1265 532 unius
1307 488 1432 544 prati
1478 488 1603 531 unde
1642 487 1853 544 quinque
1892 502 1998 531 acre

261 563 381 602 terre
403 573 514 602 cum
536 558 741 601 dimidio
774 558 936 614 jacent
970 557 1092 600 infra
1126 557 1402 600 libertatem
1435 557 1703 613 predictam
1740 557 1789 600 in
1826 571 2001 613 campo

261 633 437 671 vocato
462 626 694 670 Pisecroft
717 627 841 670 inter
864 632 1038 669 terram
1061 626 1231 682 prioris
1255 631 1301 669 et
1324 632 1587 669 conventus
1606 625 1770 669 Sancti
1792 625 2000 669 Dionisii

261 712 320 741 ex
354 702 490 753 parte
528 696 728 739 australi
765 701 812 739 et
846 695 1052 739 croftam
1087 696 1334 751 quondam
1372 694 1605 752 Johannis
1645 693 1903 752 VVytegod¹
1943 709 2001 738 ex

258 772 394 823 parte
418 766 607 809 boriali.
675 765 735 808 Et
757 779 853 808 una
877 779 988 808 acra
1012 770 1131 807 terre
1164 779 1274 807 cum
1308 764 1515 807 dimidio
1543 763 1672 820 jacet
1696 779 1753 807 ex
1775 764 2001 820 opposito

258 834 408 880 crofte
431 835 489 878 de
514 833 792 877 Bradecroft
828 834 950 877 inter
983 834 1225 876 venellam
1261 837 1489 876 vocatam
1525 831 1829 877 Gosenwelle
1855 831 2002 876 Lane²

260 919 317 948 ex
341 908 475 959 parte
500 903 697 946 australi
724 907 771 946 et
795 908 969 946 terram
1005 902 1251 958 quondam
1284 901 1518 945 Johannis
1553 898 1752 945 Horder3
1785 916 1843 945 ex
1865 907 2002 958 parte

259 973 449 1017 boriali.
535 971 596 1015 Et
633 987 730 1015 una
773 986 885 1015 acra
926 971 1056 1028 jacet
1100 971 1148 1014 in
1192 985 1366 1027 campo
1410 970 1702 1014 occidentali
1747 971 2003 1028 hospitalis

261 1040 563 1099 Magdalene4
605 1042 663 1085 de
700 1042 1058 1097 Suthamptona
1100 1041 1317 1097 predicta
1357 1046 1531 1084 vocato
1571 1038 1842 1084 Gosewelle
1880 1055 2000 1084 acre.

261 1111 320 1155 Et
348 1112 480 1154 dicta
515 1116 688 1167 quarta
722 1124 831 1167 pars
866 1110 991 1166 prati
1025 1109 1155 1166 jacet
1195 1110 1243 1153 in
1282 1107 1616 1153 lubriesmede5
1652 1110 1776 1153 inter
1810 1115 2002 1166 pratum

261 1180 506 1238 quondam
550 1180 694 1224 Alani
735 1179 908 1224 Sutton
953 1194 1011 1223 ex
1054 1184 1190 1235 parte
1232 1179 1408 1223 boriali
1453 1184 1501 1222 et
1538 1184 1713 1222 terram
1755 1180 2003 1235 quondam

263 1250 466 1293 Walteri
508 1249 712 1294 Chittok
750 1265 808 1293 ex
847 1254 981 1305 parte
1021 1249 1222 1292 australi
1262 1249 1396 1292 cuius
1435 1262 1583 1292 unum
1621 1253 1768 1304 caput
1806 1248 2003 1291 abuttat

261 1334 399 1376 super
423 1318 700 1363 Bradecroft
735 1324 782 1362 et
816 1318 951 1362 aliud
983 1323 1131 1374 caput
1164 1332 1302 1374 super
1333 1323 1526 1374 pratum
1562 1316 1761 1360 Roberti
1799 1317 2003 1374 Chapyn

260 1389 536 1432 habendum
581 1394 628 1432 et
672 1388 931 1432 tenendum
975 1386 1140 1431 omnia
1183 1387 1400 1444 predicta
1445 1392 1568 1430 terra
1613 1392 1659 1430 et
1713 1392 2002 1439 tenementa,

261 1464 365 1511 eto,
400 1457 609 1516 Johanni
644 1457 835 1515 Bigard‚
869 1456 1123 1501 heredibus
1156 1463 1204 1500 et
1236 1457 1494 1513 assignatis
1527 1457 1622 1500 suis
1645 1457 1694 1499 in
1720 1462 2004 1513 perpetuum

261 1529 320 1572 de
362 1527 566 1584 capitali
611 1527 811 1571 domino
858 1526 1005 1570 Feodi
1041 1526 1173 1570 illius
1205 1540 1288 1583 per
1320 1526 1522 1569 servicia
1555 1525 1666 1568 inde
1700 1524 1880 1578 debita,
1915 1531 2003 1569 etc.

262 1598 314 1641 In
353 1598 488 1640 cuius
525 1597 591 1640 rei
636 1597 971 1640 testimonium
1014 1596 1179 1653 sigilla
1221 1600 1385 1638 nostra
1428 1595 1633 1651 presenti
1680 1596 2004 1651 apposuimus.

263 1666 324 1710 Et
356 1667 418 1710 ad
455 1666 685 1709 maiorem
719 1665 860 1722 hujus
893 1665 958 1709 rei
989 1665 1297 1709 securitatem
1321 1663 1595 1707 faciendam
1618 1664 1833 1721 sigillum
1859 1663 2004 1707 officii

263 1736 529 1779 maioratus
582 1735 697 1778 ville
751 1734 1104 1791 Sutharnptone
1157 1734 1382 1777 similiter
1433 1734 1527 1777 hiis
1582 1733 1760 1789 apponi
1816 1747 2003 1789 procur—

263 1805 451 1849 avimus
482 1805 577 1848 hiis
615 1804 818 1848 testibus
852 1803 1069 1847 Johanne
1106 1803 1377 1860 Polymond
1413 1808 1526 1846 tunc
1560 1803 1755 1854 maiore,
1790 1802 2007 1846 Johanne

266 1874 400 1918 Flete
455 1879 568 1917 tunc
621 1873 820 1925 ballivo,
875 1873 1093 1917 Johanne
1149 1872 1350 1915 Botiller
1394 1877 1507 1915 tunc
1549 1871 1846 1915 seneschallo
1892 1871 2006 1915 ville

264 1944 491 2001 predicte,
516 1942 758 1987 Nicholao
784 1942 1071 1999 Langstoke,
1095 1941 1313 1985 Jolianne
1347 1940 1548 1993 Slsarlen
1575 1940 1792 1984 W⁷altero
1828 1940 2005 1998 Longe,

268 2013 484 2057 Waltero
529 2012 748 2069 Reygate
798 2017 845 2056 et
890 2011 1012 2054 aliis.
1112 2011 1242 2054 Data
1297 2010 1681 2066 Southamptone
1735 2010 2006 2066 penultimo

266 2083 343 2127 die
407 2081 700 2139 Septembris
763 2095 890 2124 anno
957 2080 1113 2137 Regni
1182 2080 1331 2137 Regis
1397 2078 1593 2122 Ricardi
1649 2080 1845 2123 secundi
1899 2086 2008 2136 post

265 2157 579 2208 conquestum
603 2147 1058 2206 septimo-decimo.⁶
1122 2147 1231 2207 Qua
1256 2149 1452 2205 quidem
1484 2154 1620 2191 carta
1643 2148 1836 2205 publice
1866 2148 2006 2201 lecta,

267 2226 371 2274 eto,
407 2219 594 2277 prefata
634 2219 919 2264 Elizabetha
957 2233 1040 2275 per
1074 2233 1121 2262 se
1159 2219 1262 2262 sola
1301 2218 1412 2261 inde
1448 2217 1729 2261 examinata
1769 2223 1815 2261 et
1848 2216 2008 2274 jurata

265 2290 527 2334 secundum
590 2289 988 2333 consuetudinem
1052 2287 1167 2331 ville
1231 2286 1409 2330 fatetur
1463 2287 1618 2342 ipsam
1672 2292 1857 2330 cartam
1911 2301 2008 2331 esse

265 2358 450 2402 factum
503 2373 641 2402 suum
695 2363 742 2401 et
796 2357 925 2413 quod
977 2356 1232 2413 spontanie
1286 2356 1442 2412 ipsam
1495 2354 1594 2398 fieri
1650 2354 1765 2399 fecit
1829 2354 2008 2412 absque

267 2427 549 2471 cohercione
592 2427 916 2482 cuiuscunque
959 2440 1157 2482 persone
1197 2430 1243 2468 et
1281 2425 1404 2481 petit
1445 2425 1600 2480 ipsam
1637 2425 1715 2468 hic
1749 2424 2008 2468 inbreviari

268 2497 317 2540 in
356 2495 562 2539 formam
600 2495 945 2552 recognitionis
982 2495 1243 2538 secundum
1281 2494 1678 2538 consuetudinem
1719 2493 1834 2537 ville
1873 2499 1919 2537 et
1960 2494 2008 2537 in

269 2566 595 2610 exclusionem
617 2565 733 2621 juris
755 2565 827 2608 sui
852 2570 898 2607 et
922 2565 1150 2607 heredum
1172 2578 1365 2607 suorum
1396 2564 1443 2606 in
1467 2568 1749 2619 perpetuum
1774 2569 2009 2620 quantum

270 2635 333 2678 ad
357 2649 412 2678 ea
437 2649 527 2691 que
552 2635 599 2677 in
624 2634 756 2677 dicta
779 2638 912 2677 carta
936 2632 1226 2689 specificata.

384 2814 395 2834 1
411 2813 495 2840 John
514 2812 670 2845 Wyteqod.
706 2811 775 2837 This
788 2811 888 2843 family
902 2818 961 2836 was
974 2811 1141 2842 prominent
1153 2811 1183 2836 in
1197 2810 1415 2841 Southampton
1435 2810 1463 2835 in
1482 2810 1533 2836 the
1546 2809 1716 2836 fourteenth
1728 2813 1862 2840 century.
1896 2809 1976 2834 John

305 2855 465 2885 wytegode
477 2861 537 2879 was
549 2855 642 2880 bailiff
654 2855 683 2879 in
698 2854 769 2883 1348,
784 2859 885 2883 mayor
898 2853 926 2877 iu
946 2854 1007 2878 1361
1024 2853 1081 2877 and
1095 2853 1167 2883 1367,
1187 2852 1421 2883 parliamentary
1440 2852 1560 2882 burgess
1577 2852 1606 2876 in
1627 2851 1728 2881 1357-8,
1742 2851 1815 2879 1362,
1828 2851 1899 2882 1363,
1919 2851 1977 2875 and

306 2897 368 2922 1368
388 2896 516 2927 (Davies
529 2896 616 2923 Hist.
629 2896 666 2928 of
678 2895 915 2927 southampton,
928 2901 972 2926 pp.
987 2895 1033 2920 172
1046 2894 1104 2919 and
1117 2894 1188 2924 201),
1201 2894 1258 2919 and
1272 2894 1391 2919 eeheviu
1404 2894 1434 2918 iu
1448 2893 1512 2918 1368
1527 2892 1627 2924 (Hist.
1640 2892 1727 2918 MSS.
1749 2891 1826 2918 Com.
1845 2891 1976 2923 Reporzz

304 2938 355 2969 XI,
368 2938 522 2970 Appendix
535 2937 589 2968 111,
602 2944 629 2969 p.
641 2939 695 2967 66).
730 2937 790 2962 The
809 2942 903 2968 name,
916 2936 1060 2967 however,
1073 2935 1239 2967 disappears
1250 2935 1280 2960 in
1293 2934 1343 2960 the
1356 2934 1494 2960 fifteenth
1513 2936 1637 2964 century
1650 2934 1752 2966 except
1764 2933 1810 2959 for
1824 2932 1874 2959 the
1888 2935 1978 2959 street

304 2979 397 3006 called
412 2979 578 3011 Wytegod's
591 2979 671 3006 Lane
684 2978 746 3010 (Εο.
759 2979 790 3005 xl
803 2979 845 3009 b).

386 3030 398 3050 2
417 3029 604 3056 Gasenwelle
622 3029 717 3056 Lana.
752 3029 804 3055 See
815 3029 885 3054 note
896 3034 934 3054 on
948 3027 1129 3059 Bradecroft‚
1141 3033 1168 3059 p.
1182 3028 1222 3060 41,
1235 3033 1263 3053 n.
1276 3027 1299 3053 5.

385 3080 398 3100 3
413 3079 497 3106 John
510 3078 536 3105 le
550 3078 704 3111 Hordere,
716 3079 796 3111 iurat
810 3079 899 3105 13504
916 3077 999 3110 (Oak
1011 3077 1105 3108 Book,
1119 3077 1182 3103 Vol.
1195 3076 1232 3109 11,
1245 3083 1270 3109 p.
1284 3076 1354 3107 130).

388 3138 399 3158 4
416 3140 428 3148 ··
439 3136 546 3169 Campo
559 3137 729 3163 occidentali
742 3137 880 3168 hospitali
893 3136 1089 3167 magdalenes·
1109 3135 1298 3168 presumably
1315 3133 1399 3162 West
1414 3133 1592 3161 Marlands.
1628 3133 1656 3160 It
1674 3133 1721 3165 lay
1740 3134 1772 3159 to
1789 3132 1840 3159 the
1860 3134 1930 3159 west
1949 3133 1979 3158 of

309 3179 410 3205 Above
433 3178 490 3204 Bar
516 3177 562 3209 (E.
586 3178 620 3203 R.
643 3178 771 3209 Auru-ey,
795 3177 907 3209 speed's
936 3176 1022 3204 His-t.
1048 3176 1085 3209 os
1107 3176 1347 3208 southampton‚
1372 3182 1398 3207 p.
1423 3177 1476 3206 92).
1529 3174 1589 3200 The
1619 3174 1744 3206 hospital
1773 3175 1802 3200 ot
1829 3174 1870 3200 St.
1894 3175 1978 3206 Mary
