2212 3408
27 347 101 380 Fol.
126 346 186 378 IX.

328 146 382 189 72
915 146 1008 175 THE
1043 145 1199 176 BLACK
1235 145 1359 176 BooK

329 354 668 414 lSuthampton
707 358 840 401 curia
877 357 1058 401 ibidem
1098 362 1233 400 tenta
1268 371 1431 400 coram
1469 355 1660 399 Thoma
1702 355 2007 412 Midlyngton

268 431 381 469 tunc
403 425 586 470 ibidem
609 427 806 480 maiore,
834 425 1044 470 Henrico
1077 426 1311 483 Holewey
1347 431 1394 470 et
1428 426 1648 469 Johanne
1685 424 1860 468 Barflet
1896 429 2010 468 tunc

266 494 448 539 ibidem
470 495 680 549 ballivis,
705 496 783 539 die
808 496 975 539 Martis
997 496 1219 552 proximo
1242 501 1355 539 ante
1378 494 1554 539 festum
1576 494 1741 538 Sancti
1761 493 2010 537 Valentini

267 566 489 622 martyris
511 580 639 609 anno
661 566 794 623 regni
819 566 943 622 regis
967 565 1160 608 Henrici
1186 565 1345 621 quarti
1370 562 1574 636 quarto.2

326 675 401 720 Ad
424 678 549 720 hanc
578 677 764 720 curiam
801 682 1029 721 venerunt
1067 677 1116 720 in
1155 677 1359 733 propriis
1394 674 1623 733 personis3
1652 676 1748 719 suis
1771 675 2012 733 Johannes

267 747 417 789 Harre
440 751 487 789 et
511 745 723 789 Cristina
758 761 877 789 uxor
900 747 1001 789 eius
1024 751 1071 789 et
1094 746 1396 802 protulerunt
1422 760 1585 789 coram
1608 743 1807 801 prefatis
1829 744 2012 787 maiore

266 820 314 858 et
358 814 562 857 Ballivis
605 815 852 871 quandam.
891 820 1075 858 cartam
1115 814 1411 858 feoffamenti
1452 815 1587 858 cuius
1626 819 1761 857 tenor
1798 813 2014 869 sequitur

267 884 316 926 in
353 884 441 926 hec
479 883 637 926 verba.
704 883 871 927 Sciant
913 889 1154 940 presentes
1197 889 1244 927 et
1283 883 1431 928 futuri
1476 883 1605 940 quod
1648 897 1734 926 nos
1771 881 2014 940 Johannes

268 954 416 996 Harre
460 957 508 996 et
553 952 768 996 Cristina
821 968 942 997 uxor
995 968 1104 997 mea
1157 953 1377 997 unanimi
1433 967 1626 996 assensu
1680 957 1728 995 et
1781 965 2013 995 consensu

265 1021 485 1065 dedimus
527 1022 848 1066 concessimus
883 1028 930 1066 et
963 1023 1054 1066 hac
1097 1023 1305 1079 presenti
1349 1027 1485 1066 carta
1523 1026 1686 1065 nostra
1729 1020 2010 1064 confirmav-

265 1091 389 1134 imus
427 1090 636 1134 Johanni
675 1091 881 1135 Seldere4
925 1091 1173 1149 burgensis
1212 1091 1327 1135 ville
1372 1091 1727 1147 Suthamptone
1766 1089 2012 1146 quoddam

265 1160 522 1218 gardinum
546 1165 758 1204 nostrum
795 1160 958 1217 jacens
983 1162 1030 1204 in
1054 1161 1175 1204 villa
1210 1161 1424 1217 predicte
1461 1162 1507 1203 in
1544 1160 1776 1217 parochia
1815 1159 2014 1202 ecclesie

265 1228 500 1274 Omnium
543 1229 830 1274 Sanctorum
887 1231 934 1273 in
991 1231 1098 1274 vico
1142 1236 1318 1274 vocato
1364 1230 1519 1273 Estret
1565 1230 1613 1272 in
1656 1234 1792 1285 parte
1836 1228 2012 1271 boriali

265 1299 477 1343 eiusdem
514 1300 608 1343 vici
649 1299 774 1343 inter
811 1305 1142 1343 tenementum
1165 1300 1400 1343 Johannis
1423 1298 1600 1342 Barflet
1631 1313 1688 1342 ex
1715 1303 1851 1354 parte
1887 1298 2011 1341 occi-

264 1368 449 1412 dentali
475 1374 521 1412 et
546 1369 802 1425 gardinum
825 1369 1043 1413 Johanne
1067 1384 1159 1425 que
1182 1368 1274 1412 fuit
1298 1383 1418 1413 uxor
1439 1368 1674 1412 Johannis
1698 1366 2014 1424 Makesburgh

264 1453 321 1482 ex
344 1443 480 1494 parte
504 1438 730 1482 orientali
766 1444 813 1482 et
844 1439 1064 1482 extendit
1099 1453 1147 1482 se
1183 1439 1370 1482 dictum
1406 1438 1661 1495 gardinum
1698 1452 1727 1480 a
1764 1437 1843 1480 via
1880 1437 2012 1493 regia

264 1522 292 1550 a
336 1512 471 1563 parte
515 1507 728 1551 Australi
773 1523 921 1564 usque
960 1508 1207 1564 quandam
1246 1509 1471 1552 semitam
1509 1507 1649 1564 juxta
1694 1520 1855 1550 muros
1896 1505 2014 1549 ville

263 1577 477 1633 predicte
520 1592 679 1620 versus
716 1576 981 1629 borialem3
1033 1577 1310 1621 habendum
1351 1583 1398 1620 et
1442 1577 1704 1620 tenendum
1742 1575 2013 1632 predictum

265 1646 521 1703 gardinum
544 1661 652 1689 cum
678 1646 901 1690 omnibus
924 1647 1020 1690 suis
1042 1647 1354 1703 pertinenciis
1377 1645 1577 1703 prefatis
1594 1645 1803 1704 Johanni
1824 1645 2014 1688 Seldere

263 1715 517 1759 heredibus
552 1721 599 1759 et
634 1717 893 1773 assignatis
927 1716 1023 1760 suis
1059 1717 1116 1760 de
1151 1716 1353 1773 capitali
1390 1716 1589 1759 domino
1620 1714 1749 1758 feodi
1778 1715 1910 1758 illius
1933 1729 2015 1770 per

264 1785 466 1829 servicia
491 1785 601 1828 inde
626 1785 791 1829 debita
823 1791 869 1829 et
906 1786 963 1829 de
996 1785 1098 1842 jure
1121 1791 1352 1830 consueta
1391 1786 1441 1828 in
1480 1791 1777 1842 perpetuum.
1845 1784 1905 1827 Et
1928 1797 2014 1827 nos

264 1869 376 1898 vero
414 1853 588 1911 prefati
624 1854 865 1899 Johannes
907 1855 1057 1898 Harre
1096 1860 1143 1898 et
1184 1854 1397 1899 Cristina
1436 1869 1556 1898 uxor
1590 1868 1698 1897 mea
1735 1859 1781 1897 et
1818 1853 2014 1897 heredes

264 1924 413 1967 nostri
472 1924 745 1980 predictum
799 1925 1055 1981 gardinum
1113 1939 1223 1968 cum
1278 1924 1502 1968 omnibus
1554 1924 1651 1967 suis
1704 1923 2015 1980 pertinenciis

264 1992 452 2050 prefato
494 1993 705 2037 Johanni
749 1993 954 2047 Seldere,
999 1994 1253 2037 heredibus
1297 1997 1345 2037 et
1388 1994 1649 2051 assignatis
1697 1993 1794 2036 suis
1846 1997 2015 2036 contra

265 2077 430 2106 omnes
453 2068 618 2119 gentes
641 2062 1072 2107 warantizabimus
1106 2069 1153 2107 et
1188 2062 1500 2107 defendemus
1523 2063 1572 2105 in
1596 2068 1894 2119 perpetuum.
1963 2062 2013 2105 In

265 2132 399 2176 cuius
421 2132 487 2175 rei
514 2132 848 2175 testimonium
870 2133 983 2176 huic
1012 2133 1220 2189 presenti
1254 2138 1385 2176 carte
1420 2132 1586 2190 sigilla
1620 2137 1784 2175 nostra
1807 2146 2011 2188 apposu-

265 2201 402 2245 imus.
470 2201 529 2244 Et
557 2201 672 2258 quia
702 2201 866 2258 sigilla
898 2207 1059 2245 nostra
1095 2202 1311 2258 pluribus
1343 2207 1455 2246 sunt
1489 2199 1758 2259 incognita5
1796 2200 2014 2258 sigillum

266 2269 411 2314 officii
437 2270 702 2314 maioratus
726 2270 841 2314 ville
864 2271 1078 2326 predicte
1105 2271 1404 2327 presentibus
1427 2271 1606 2327 apponi
1638 2270 2013 2327 procuravimus.

268 2340 374 2382 Hiis
417 2338 618 2383 testibus
661 2337 851 2383 Thoma
892 2340 1197 2397 Midlyngton
1243 2345 1357 2384 tunc
1401 2340 1582 2384 maiore
1625 2339 1743 2383 ville
1785 2339 2014 2395 predicte,

267 2409 482 2451 Johanne
520 2408 667 2461 Flete,
704 2408 920 2452 Waltero
960 2409 1137 2466 Lange,
1175 2410 1390 2453 Johanne
1427 2409 1632 2452 Botiller
1666 2413 1713 2452 et
1746 2408 2015 2452 Willielmo

270 2477 548 2520 Ravenston
593 2483 706 2521 tunc
772 2477 954 2521 ibidem
1007 2477 1361 2532 Aldermannis,
1418 2479 1626 2522 Henrico
1682 2478 1912 2534 Holevvey
1968 2481 2015 2520 et

269 2546 474 2590 Johanni
526 2545 701 2590 Barflet
757 2552 870 2590 tunc
927 2546 1136 2601 ballivis,
1180 2547 1372 2591 Thoma
1426 2547 1648 2591 Armorer
1701 2545 2015 2599 seneschallo‚

384 2749 391 2768 1
410 2747 479 2773 This
497 2751 586 2778 grant
598 2748 621 2773 is
634 2748 662 2773 iu
677 2749 780 2773 almost
794 2750 831 2774 all
848 2754 973 2780 respectis
988 2750 1093 2781 typical
1107 2750 1136 2774 of
1150 2749 1199 2775 the
1213 2750 1302 2775 forms
1316 2750 1345 2775 of
1357 2756 1540 2781 conveyance
1559 2750 1633 2775 most
1651 2749 1765 2781 usually
1780 2748 1870 2774 found
1888 2749 1917 2773 in
1932 2748 1981 2774 tho

305 2789 393 2813 Black
406 2788 497 2819 Book,
510 2789 566 2814 and
580 2788 632 2814 has
646 2789 794 2815 therefore
807 2790 877 2815 been
892 2791 979 2821 given
992 2791 1021 2815 in
1036 2790 1101 2815 full.

384 2858 397 2876 ·-’
412 2856 554 2887 Tuesday,
569 2856 718 2887 February
734 2856 806 2887 Isth,
821 2858 894 2882 1403.

384 2923 397 2942 3
412 2922 469 2947 “In
483 2923 606 2954 propriis
619 2923 772 2953 personis?
808 2924 877 2949 This
890 2925 1015 2949 formula
1030 2925 1052 2950 is
1064 2925 1228 2950 sometimes
1242 2925 1375 2950 omitted.

384 2995 396 3015 4
410 2993 496 3021 John
514 2993 647 3026 Seldere,
660 3001 693 3021 or
707 2995 824 3027 Selder,
837 2996 925 3022 smith
939 2997 1013 3027 (Fol.
1027 2997 1109 3028 xvii),
1123 2996 1214 3022 bailiff
1228 2998 1301 3029 1419,
1315 2998 1391 3028 1423,
1406 2996 1464 3022 and
1484 2997 1548 3022 1427
1566 2995 1694 3028 (Damas,
1714 2995 1801 3022 Hist.
1820 2994 1858 3027 of
1872 2995 1981 3021 Seuth-

306 3036 443 3068 ampton,
462 3042 488 3067 p.
510 3037 579 3065 173).
624 3036 668 3062 He
687 3043 746 3063 was
770 3038 922 3069 obviously
942 3045 958 3063 a
978 3039 1069 3069 rising
1094 3045 1170 3069 man,
1194 3039 1253 3064 and
1276 3038 1479 3064 accumulated
1503 3045 1520 3063 a
1543 3038 1619 3068 good
1642 3037 1707 3063 deal
1733 3038 1762 3062 οῖ
1787 3039 1926 3068 property
1950 3037 1979 3062 ln

307 3076 527 3108 southampton.
563 3077 597 3103 In
610 3078 721 3103 1428-29
734 3079 769 3103 he
782 3079 848 3104 held
862 3085 879 3103 a
892 3081 999 3105 vacant
1012 3080 1074 3111 plot
1086 3080 1117 3105 of
1128 3080 1244 3111 ground
1256 3081 1288 3106 at
1301 3079 1351 3105 the
1363 3086 1442 3111 quay
1455 3079 1485 3105 of
1497 3078 1667 3105 Westhethe
1685 3078 1723 3110 by
1741 3085 1758 3104 a
1776 3080 1843 3103 rent,
1862 3078 1892 3103 of
1909 3078 1947 3107 2l-
1965 3085 1982 3103 a

306 3125 376 3149 year
390 3119 454 3149 paid
469 3121 500 3143 to
512 3118 563 3143 the
577 3122 666 3143 town.
703 3120 745 3144 Hc
758 3121 818 3146 also
831 3120 896 3146 hold
910 3127 927 3145 a
939 3121 1048 3152 gai-den
1064 3121 1170 3147 behind
1188 3129 1204 3146 a
1224 3121 1311 3146 house
1334 3121 1428 3147 which
1445 3120 1481 3146 he
1502 3121 1558 3146 had
1580 3121 1713 3152 recently
1727 3120 1800 3145 built
1819 3120 1849 3145 ln
1863 3119 1980 3151 Symnel

308 3160 411 3190 Streot,
422 3159 515 3184 which
530 3166 588 3185 was
600 3160 736 3186 bounded
749 3161 786 3191 by
797 3168 813 3186 a
827 3162 895 3192 path
909 3162 1025 3193 leading
1038 3163 1068 3187 to
1082 3162 1132 3188 the
1144 3163 1233 3188 castle
1249 3162 1349 3193 (msc.
1361 3161 1446 3188 MSS.
1460 3161 1537 3188 Com.
1553 3161 1681 3194 Report,
1696 3161 1746 3191 XI,
1758 3161 1912 3192 Appendlx
1926 3160 1981 3189 111,
