2212 3408
371 104 430 147 80
961 116 1054 145 THE
1087 115 1245 145 BLACK
1278 114 1404 145 BOOK

882 266 983 310 Fol.
1021 266 1085 310 IX
1121 266 1159 309 Β
1195 262 1478 321 (continued).

311 379 612 436 Midlyngton
649 386 762 424 tunc
793 379 974 422 maiore
1008 378 1123 421 ville
1157 377 1524 434 Suthamptone‚
1549 375 1767 420 Johanne
1805 373 1964 431 Cosyn
2003 379 2050 417 et

307 447 526 493 Johanne
550 449 701 493 Benet
726 455 838 493 tunc
856 447 1060 491 Ballivis
1083 447 1296 490 eiusdem
1315 446 1431 489 ville
1452 445 1663 488 Ricardo
1687 444 1920 500 Bradwey
1939 448 2053 487 tunc

309 517 617 562 Seneschallo
648 518 830 562 ibidem
860 517 1078 575 Johanne
1110 515 1260 568 Flete,
1288 514 1556 558 Willielmo
1587 512 1775 570 Overey
1809 518 1856 556 et
1886 513 2052 556 multis

308 588 431 631 aliis.
500 588 631 632 Data
654 588 783 644 apud
807 587 1213 641 Suthamptonam
1241 585 1398 641 primo
1421 584 1498 627 die
1522 585 1696 626 mensis
1713 582 1894 639 Aprilis
1910 581 2052 625 Anno

308 658 440 714 regni
485 658 609 714 regis
655 657 850 700 Henrici
896 655 1054 712 quarti
1109 659 1217 710 post
1270 658 1586 709 conquestum
1629 652 1806 709 Anglie
1850 649 2053 708 quinto.1

309 725 418 785 Quo
462 727 659 783 quidem
701 727 880 781 scripto
922 724 1116 781 publice
1161 724 1286 766 lecto
1335 723 1505 766 audito
1550 727 1596 765 et
1641 721 1905 774 intellecto,
1949 735 2050 777 pre-

307 795 505 852 fataque
529 795 747 853 Johanne
771 809 854 851 per
875 809 923 837 se
946 794 1049 837 sola
1081 792 1363 836 examinata
1399 797 1445 834 et
1478 791 1639 847 jurata
1669 805 1831 834 coram
1855 789 2055 846 prefatis

309 866 490 908 maiore
515 871 561 908 et
586 864 790 908 Ballivis
828 865 877 906 in
915 863 1059 919 plena
1098 862 1231 905 curia
1267 861 1484 917 predicta
1514 860 1776 903 secundum
1800 864 2051 903 consuetu-

308 934 470 977 dinem
510 934 622 977 ville
658 933 871 990 predicte
910 946 1024 989 pure
1063 936 1234 987 sponte
1268 936 1314 973 et
1349 929 1571 973 absolute
1610 928 1789 972 fatetur
1823 929 2054 984 scriptum

308 1004 577 1059 predictum
621 1018 719 1047 esse
768 1002 952 1046 factum
1005 1015 1142 1045 51111111
1200 1004 1247 1043 et
1295 1000 1423 1055 quod
1472 1004 1736 1055 spontanee
1786 998 1908 1041 illud
1953 997 2052 1041 fieri

308 1071 423 1116 fecit
466 1072 645 1129 absque
684 1072 966 1116 cohercione
1005 1085 1086 1114 seu
1123 1069 1456 1125 compulsione
1494 1069 1584 1111 viri
1624 1068 1694 1111 sui
1730 1068 1934 1124 predicti
1973 1081 2054 1111 seu

308 1142 506 1186 alterius
553 1142 678 1185 alius
720 1142 1062 1196 cuiuscumque
1105 1153 1316 1195 persone.
1415 1138 1474 1181 Et
1523 1138 1647 1194 petit
1691 1137 1813 1181 illud
1855 1137 1935 1180 hic
1983 1137 2052 1180 in-

308 1211 514 1255 breviari
554 1212 602 1254 in
647 1210 801 1254 forma
844 1209 1191 1266 recognitionis
1233 1222 1314 1251 sue
1352 1208 1612 1251 secundum
1657 1206 2055 1250 consuetudinem

309 1281 424 1324 ville
468 1282 681 1337 predicte
726 1281 773 1323 in
819 1279 1145 1323 exclusionem
1193 1277 1310 1333 juris
1353 1277 1423 1321 sui
1469 1276 1682 1332 predicte
1727 1281 1772 1318 et
1825 1276 2054 1319 heredum

310 1365 501 1394 suorum
535 1350 904 1407 imperpetuum.

989 1731 1090 1775 Fol.
1128 1730 1193 1774 IX
1219 1730 1257 1773 Β
1293 1727 1370 1787 (2).

373 1847 741 1902 Suthamptone.
808 1844 956 1888 Curia
992 1843 1174 1886 ibidem
1209 1846 1345 1885 tenta
1375 1855 1537 1884 coram
1575 1841 1783 1884 Henrico
1822 1840 2057 1898 Holewey

313 1924 426 1961 tunc
468 1916 651 1959 ibidem
690 1915 872 1957 maiore
912 1919 959 1956 et
1001 1912 1219 1956 Johanne
1260 1910 1419 1967 Cosyn
1463 1909 1645 1953 ibidem
1690 1915 1803 1954 tunc
1848 1910 2055 1964 Ballivo,

313 1988 390 2031 die
426 1987 592 2029 Martis
627 1986 675 2028 in
714 1983 836 2027 festo
869 1983 1045 2026 Sancte
1085 1981 1316 2024 Katerine
1347 1980 1548 2036 virginis
1583 1980 1722 2022 Anno
1760 1980 1894 2037 regni
1932 1980 2058 2037 regis

317 2056 513 2100 Henrici
538 2054 697 2112 quarti
721 2050 889 2097 sexto?

376 2168 451 2212 Ad
479 2168 605 2211 hanc
628 2166 814 2210 curiam
840 2168 1072 2208 venerunt
1095 2177 1259 2207 coram
1282 2160 1469 2218 prefato
1493 2160 1675 2203 maiore
1707 2164 1753 2203 et
1781 2159 1974 2203 Ballivo
2007 2159 2057 2203 in

314 2239 459 2296 plena
497 2236 628 2280 curia
664 2234 932 2279 Nicholaus
966 2232 1223 2289 Chapman
1254 2231 1311 2274 de
1345 2230 1670 2285 Suthampton
1700 2243 1783 2285 per
1814 2228 2057 2272 Thomam

318 2306 620 2362 Marleburgh
643 2305 820 2348 virtute
854 2302 1104 2347 cuiusdam
1130 2301 1290 2344 littere
1318 2295 1654 2343 attornatorie3
1681 2299 1815 2342 cuius
1843 2299 1960 2342 data
1990 2303 2059 2342 est

315 2376 444 2433 apud
462 2375 871 2430 Suthamptonam
889 2372 1119 2415 vicesimo
1137 2370 1294 2426 primo
1312 2367 1406 2412 die4
1424 2368 1600 2411 mensis
1617 2366 1904 2411 Novembris
1917 2366 2059 2411 Anno

317 2446 450 2502 regni
484 2444 608 2501 regis
641 2443 844 2499 predicti
880 2441 1110 2497 predicto,
1144 2439 1457 2482 Attornatum
1490 2451 1642 2490 suum,
1678 2442 1724 2480 et
1755 2436 1914 2493 Agnes
1941 2451 2061 2481 uxor

318 2515 419 2559 eius
457 2515 504 2556 in
544 2512 737 2569 propria
775 2525 977 2567 persona
1015 2524 1100 2553 sua
1140 2513 1186 2552 et
1224 2507 1525 2565 protulerunt
1561 2512 1675 2550 tunc
1714 2505 1893 2550 ibidem
1930 2507 2058 2550 curie

318 2584 530 2641 predicte
555 2581 816 2638 quamdam
841 2586 1027 2623 cartam
1050 2577 1347 2621 feoffamenti
1371 2577 1506 2620 cuius
1528 2581 1658 2619 carte
1689 2580 1826 2618 tenor
1846 2575 2061 2631 sequitur

320 2654 369 2696 in
402 2654 488 2696 hec
522 2650 680 2694 verba.
761 2649 926 2692 Sciant
964 2653 1204 2704 presentes
1243 2651 1289 2689 et
1327 2644 1473 2689 futuri
1509 2645 1637 2701 quod
1670 2659 1756 2687 nos
1794 2643 2060 2688 Nicholaus

435 2837 444 2856 1
460 2835 544 2866 April
556 2836 607 2864 let,
620 2835 694 2859 1404.

433 2904 445 2923 ²
461 2901 602 2933 Tuesday‚
614 2900 780 2926 November
792 2899 868 2930 2501,
881 2900 954 2924 1404.

433 2978 446 2998 3
462 2977 590 3003 Lettem
608 2976 646 3009 of
659 2976 817 3007 attorney.
858 2974 919 2999 The
940 2973 1142 3005 appointment
1163 2972 1193 2998 of
1213 2978 1251 2997 an
1270 2973 1409 3004 attorney
1430 2973 1462 2995 to
1482 2972 1529 2995 act
1548 2969 1594 2994 tor
1614 2975 1668 2994 one
1689 2968 1720 2993 of
1737 2967 1788 2993 the
1806 2968 1915 2999 parties
1935 2970 1966 2993 to
1985 2973 2022 2992 an

355 3019 452 3044 action
473 3021 504 3043 at
523 3019 579 3043 law
600 3024 659 3043 was
679 3017 835 3048 originally
856 3015 1010 3047 permitte}
1031 3015 1100 3047 only
1121 3014 1159 3046 by
1180 3019 1197 3039 a
1217 3014 1307 3045 grant
1326 3013 1404 3038 from
1422 3012 1473 3037 the
1490 3012 1562 3042 king
1576 3017 1610 3036 or
1624 3011 1658 3041 by
1673 3016 1710 3035 an
1723 3010 1926 3041 appoiutmeut
1939 3009 2024 3034 made

355 3061 455 3086 before
479 3060 529 3085 the
551 3059 645 3090 king's
668 3059 794 3090 Justices.
839 3057 901 3083 'Phe
923 3057 1129 3088 appointmeut
1151 3056 1181 3081 of
1204 3057 1357 3086 attorneys
1385 3054 1503 3079 became
1532 3052 1721 3083 exceedingly
1749 3057 1882 3077 common
1912 3050 1951 3081 by
1975 3050 2025 3076 the

357 3101 522 3127 tliirteenth
543 3102 685 3131 century:
713 3100 769 3125 and
792 3101 824 3124 ar,
845 3098 894 3124 the
914 3104 993 3123 same
1012 3097 1111 3129 period
1131 3097 1181 3122 the
1205 3103 1254 3122 use
1276 3096 1305 3121 of
1324 3098 1478 3127 attorneys
1497 3094 1528 3119 iu
1549 3093 1686 3124 Boi-ough
1707 3092 1815 3117 Courts
1835 3092 1951 3118 became
1973 3091 2025 3117 the

357 3143 468 3175 subject
480 3143 508 3167 of
521 3143 638 3168 various
650 3145 731 3167 town
744 3140 926 3172 regulations
938 3139 1079 3165 intended
1091 3141 1122 3163 to
1133 3138 1277 3164 facilitate
1288 3137 1365 3162 their
1379 3136 1588 3168 appointment.
1624 3135 1665 3160 At
1677 3133 1810 3166 Ipswlch‚
1823 3134 1870 3159 for
1888 3133 2028 3165 example,
