2212 3408
358 101 443 145 150
938 101 1031 131 THE
1066 100 1221 131 BLACK
1256 101 1381 131 BOOK

878 284 978 329 Fol.
1014 285 1130 329 XXI
1166 282 1450 342 (continued).

292 410 321 438 a
344 394 465 438 festo
489 396 662 451 pasche
696 396 910 451 proxime
945 395 1104 439 futuro
1138 401 1244 452 post
1281 397 1446 439 datam
1482 395 1778 451 presencium
1805 408 1951 450 usque
1974 394 2036 437 ad

291 463 435 507 finem
458 465 634 521 viginti
675 480 911 508 annorum
945 471 1121 508 extunc
1154 466 1372 521 proxime
1407 465 1711 520 sequentium
1745 469 1793 506 et
1822 463 2036 519 plenarie

290 533 701 589 complendorum.
800 533 1066 577 Reddendo
1132 534 1241 577 inde
1305 533 1561 577 annuatim
1617 532 1756 576 nobis
1808 532 2038 588 predictis

288 602 495 657 Johanni
536 607 582 646 et
624 603 783 655 Lucie,
824 608 927 655 etc.‚
962 603 1063 659 ipse
1098 602 1311 659 prefatus
1343 601 1572 655 Thomas,
1605 606 1709 654 eto,
1740 616 1822 658 per
1856 602 2036 657 primos

289 672 500 727 quinque
554 686 706 715 annos
758 672 963 728 predicti
1015 672 1207 715 termini
1261 677 1370 728 post
1413 672 1600 715 dictum
1642 670 1817 715 festum
1860 672 2035 728 pasche

287 741 533 796 proximos
555 746 806 797 sequentes
839 746 886 784 et
916 741 1132 797 plenarie
1168 741 1436 797 completos
1471 755 1619 784 unam
1654 740 1842 784 rubiam
1879 755 2036 784 rosam

288 809 350 852 ad
374 808 548 853 festum
571 808 864 853 Nativitatis
887 809 1051 853 Sancti
1071 809 1305 868 Johannis
1329 810 1548 866 Baptiste
1572 824 1656 866 pro
1680 810 1811 853 omni
1835 810 2038 853 servicio

288 883 336 922 et
374 879 628 922 demanda.
706 879 766 922 Et
805 884 913 935 post
952 880 1108 923 dictos
1145 880 1327 935 primos
1365 879 1577 935 quinque
1612 893 1764 922 annos
1801 879 1869 922 sic
1906 893 2034 922 com-

287 947 444 1004 pletos
488 948 732 992 reddendo
778 949 887 992 inde
932 948 1085 1002 nobis,
1126 954 1229 1002 etc.‚
1269 964 1352 1005 per
1395 949 1520 992 alios
1563 948 1841 1005 quindecim
1886 963 2037 991 annos

288 1021 464 1060 extunc
506 1017 725 1073 proxime
768 1023 1020 1075 sequentes
1057 1019 1315 1062 annuatim
1354 1018 1558 1075 triginta
1595 1017 1776 1061 solidos
1813 1017 2033 1074 sterling-

288 1100 425 1130 orum
463 1087 526 1129 ad
565 1092 774 1143 quatuor
810 1088 926 1131 anni
962 1088 1192 1131 terminos
1227 1087 1519 1144 principales
1558 1088 1692 1144 equis
1729 1086 2038 1143 porcionibus

287 1170 371 1211 pro
394 1156 525 1199 omni
551 1156 652 1200 alio
675 1157 878 1201 servicio
902 1172 982 1201 seu
1007 1157 1262 1200 demanda.
1330 1157 1390 1200 Et
1413 1157 1451 1201 si
1479 1158 1734 1214 contingat
1764 1156 2033 1213 predictum

286 1225 547 1268 annualem
599 1225 842 1270 redditum
897 1227 1099 1282 triginta
1152 1226 1418 1270 solidorum
1472 1225 1755 1270 durantibus
1808 1225 2037 1282 predictis

285 1294 564 1350 quindecim
607 1296 746 1339 annis
789 1300 897 1351 post
951 1295 1191 1351 predictos
1240 1296 1420 1352 primos
1463 1295 1674 1352 quinque
1719 1309 1883 1347 annos,
1929 1299 2033 1347 etc„

285 1367 442 1406 aretro
485 1362 584 1406 fore
628 1364 690 1407 ad
734 1364 948 1421 aliquem
993 1365 1251 1408 terminum
1295 1364 1621 1421 predictorum
1670 1369 1877 1420 quatuor
1919 1364 2033 1406 anni

286 1432 599 1476 terminorum
623 1438 676 1476 ut
700 1433 970 1490 predictum
998 1439 1068 1477 est
1102 1439 1278 1477 extunc
1313 1433 1431 1477 bene
1466 1432 1633 1477 licebit
1666 1432 1805 1477 nobis
1837 1431 2036 1489 prefatis

284 1501 493 1559 Johanni
534 1508 581 1545 et
621 1502 781 1556 Lucie,
818 1508 923 1556 etc.‚
959 1504 1231 1559 predictum
1268 1508 1598 1547 tenementum
1639 1503 1815 1546 intrare
1854 1507 1901 1546 et
1939 1503 2031 1545 dis-

285 1571 496 1628 tringare
550 1577 597 1615 et
651 1572 977 1616 districtiones
1032 1572 1212 1616 ibidem
1266 1573 1488 1616 inventas
1541 1587 1711 1629 capere
1765 1571 1932 1629 fugare
1987 1577 2033 1615 et

284 1645 530 1696 asportare
574 1656 630 1684 ac
674 1656 818 1697 penes
860 1656 947 1685 nos
990 1642 1193 1685 retinere
1238 1657 1485 1698 quousque
1539 1642 1597 1685 de
1641 1641 1833 1685 redditu
1877 1646 2033 1685 aretro

285 1710 510 1753 existenti
550 1709 689 1754 nobis
727 1710 872 1754 fuerit
909 1710 1230 1755 satisfactum.
1297 1711 1357 1755 Et
1396 1711 1432 1755 si
1470 1712 1726 1768 contingat
1763 1711 2033 1767 predictum

283 1778 527 1822 redditum
565 1785 721 1823 aretro
760 1779 859 1824 fore
898 1795 981 1837 per
1018 1795 1167 1824 unum
1205 1796 1386 1824 annum
1431 1781 1673 1838 integrum
1712 1785 1758 1824 et
1797 1779 2035 1823 sufficiens

284 1848 525 1892 districtio
550 1853 663 1892 tunc
686 1849 735 1891 in
760 1850 930 1893 eodem
955 1850 1159 1893 inveniri
1187 1865 1282 1893 non
1313 1850 1493 1906 poterit
1524 1854 1698 1893 extunc
1721 1849 1842 1893 bene
1866 1849 2034 1892 licebit

284 1917 437 1970 nobis,
482 1923 586 1971 etc„
631 1919 902 1974 predictum
946 1924 1277 1962 tenementum
1320 1934 1430 1963 cum
1474 1918 1699 1963 omnibus
1742 1924 1789 1962 et
1832 1918 2035 1975 singulis

283 1987 380 2030 suis
416 1987 726 2043 pertinenciis
764 1988 992 2032 reintrare
1031 1989 1242 2032 reseisire
1281 1993 1328 2032 et
1373 1989 1421 2031 in
1459 1989 1664 2044 pristino
1703 1993 1833 2031 statu
1872 1993 2034 2031 nostro

286 2056 408 2100 illud
431 2056 569 2100 nobis
592 2057 809 2109 retinere,
834 2058 925 2100 hac
959 2058 1239 2101 dimissione
1276 2060 1322 2100 in
1359 2058 1526 2114 aliquo
1549 2073 1645 2101 non
1669 2056 1906 2101 obstante.
1974 2056 2034 2100 Et

284 2140 371 2168 nos
409 2125 611 2181 predicti
650 2126 893 2169 Johannes
937 2132 983 2170 et
1028 2127 1193 2179 Lucia,
1234 2132 1338 2180 eto,
1378 2127 1649 2183 predictum
1688 2131 2032 2179 tenementum,

285 2199 389 2247 etc„
422 2194 541 2238 bene
573 2200 620 2239 et
652 2201 983 2252 competenter
1012 2196 1342 2253 reparabimus
1375 2195 1753 2239 sustentabimus
1786 2200 1833 2239 et
1866 2210 2031 2239 manu-

285 2263 556 2307 tenebimus
598 2264 869 2321 sumptibus
908 2270 955 2308 et
993 2265 1211 2322 expensis
1254 2266 1428 2308 nostris
1471 2265 1675 2321 propriis
1718 2264 1940 2321 quotiens
1986 2269 2033 2307 et

285 2333 480 2389 quando
523 2348 711 2377 necesse
755 2333 898 2378 fuerit
942 2335 1144 2378 durante
1188 2339 1294 2378 toto
1338 2335 1546 2378 termino
1581 2335 1757 2392 viginti
1797 2348 2032 2377 annorum

284 2402 515 2458 predicto.
582 2402 651 2446 Ac
675 2404 829 2447 eciam
854 2418 940 2447 nos
961 2404 1165 2460 predicti
1194 2404 1437 2447 Johannes
1460 2409 1507 2447 et
1532 2404 1696 2456 Lucia,
1722 2408 1826 2455 eto,
1851 2402 2032 2459 predic-

284 2477 389 2514 tum
413 2476 756 2525 tenementum,
782 2477 886 2525 etc.‚
911 2472 1099 2529 prefato
1116 2471 1317 2526 Thome,
1343 2478 1447 2525 etc.,
1472 2473 1674 2516 durante
1699 2478 1804 2516 toto
1827 2472 2033 2515 termino

285 2540 461 2597 viginti
486 2555 722 2584 annorum
745 2541 963 2597 predicto
994 2547 1046 2585 ut
1080 2542 1349 2598 predictum
1385 2547 1455 2585 est
1490 2546 1657 2585 contra
1681 2556 1845 2584 omnes
1869 2545 2033 2597 gentes

285 2609 716 2653 warantizabimus
759 2610 1149 2666 acquietabimus
1202 2617 1249 2654 et
1303 2610 1612 2655 defendemus
1655 2625 1738 2667 per
1779 2615 2031 2666 presentes.

286 2678 338 2721 In
368 2678 502 2721 cuius
529 2679 594 2722 rei
633 2680 966 2723 testimonium
1004 2695 1090 2724 nos
1125 2679 1298 2737 prefati
1336 2680 1579 2738 Johannes
1602 2680 1775 2736 Whyte
1806 2685 1853 2722 et
1882 2679 2032 2722 Lucia

284 2761 405 2790 uxor
428 2762 535 2790 mea
559 2748 640 2790 uni
665 2749 792 2803 parti
818 2749 987 2792 harum
1015 2749 1321 2793 indentarum
1351 2763 1495 2805 penes
1525 2747 1766 2805 prefatum
1789 2746 2031 2791 Thomam

285 2816 551 2859 remanenti
577 2816 740 2873 sigilla
758 2822 922 2860 nostra
945 2819 1269 2874 apposuimus.
1335 2817 1405 2861 Ac
1428 2817 1641 2875 prefatus
1658 2815 1872 2860 Thomas
1894 2816 2032 2860 alteri

285 2885 411 2940 parti
456 2886 625 2928 harum
669 2885 977 2929 indentarum
1015 2901 1158 2942 penes
1201 2902 1287 2930 nos
1330 2886 1596 2930 remanenti
1641 2885 1855 2943 sigillum
1894 2899 2031 2929 suurn

286 2951 542 3009 apposuit.¹
641 2954 750 2998 Hiis
793 2955 995 2999 testibus
1037 2956 1255 3013 Johanne
1300 2956 1482 3012 Beneyt
1527 2961 1640 2999 tunc
1684 2955 1880 3007 maiore,
1925 2958 2030 3006 etc.‚

401 3111 412 3132 l
428 3112 485 3137 Not
498 3112 593 3137 sealed
607 3112 643 3142 by
657 3119 767 3144 mayor.
