2212 3408
371 89 455 131 106
817 79 822 83 ⁹
952 103 1045 134 THE
1079 103 1236 135 BLACK
1271 104 1396 135 BOOK

956 244 1058 290 Fol.
1093 245 1206 290 XIII
1241 245 1279 290 Β
1314 244 1392 303 (2).

764 343 1088 402 [Trmzscm'bed
1120 350 1213 392 and
1245 348 1594 406 Smnmarised]

362 439 733 497 Suthamptona.
802 441 950 486 Curia
1004 443 1190 487 domini
1247 441 1406 501 Regis¹
1460 443 1640 488 ibidem
1697 450 1831 488 tenta
1884 460 2047 490 coram

299 509 519 554 Johanne
551 511 733 568 Beneyt
769 512 965 565 maiore,
1001 512 1220 570 Johanne
1256 513 1487 557 MaschaII
1523 519 1570 558 et
1600 513 1787 558 Thorne
1826 514 2049 559 Armorer

302 578 483 622 ibidem
509 579 712 623 Ballivis
734 580 965 625 vicesimo
990 583 1146 638 primo
1180 582 1257 626 die
1287 583 1505 627 Januarii
1541 584 1672 641 regni
1705 584 1829 642 regis
1853 585 2047 628 Henrici

301 649 460 705 quarti
485 647 775 693 undecimo.2

361 760 436 804 Ad
478 762 604 804 hanc
642 762 826 805 curiam
864 767 1097 806 venerunt
1136 761 1351 806 Thomas
1391 763 1698 820 Midlyngton
1739 769 1786 808 et
1824 764 2047 808 Johanna

300 845 419 873 uxor
452 831 552 874 eius
590 831 638 874 in
678 832 881 888 propriis
920 832 1133 889 personis
1171 833 1267 875 suis
1305 838 1353 875 et
1398 833 1712 889 protulerunt,
1752 839 1858 887 etc,
1898 849 2046 891 quan-

300 899 412 943 dam
462 905 649 944 cartam
692 900 990 945 feoffamenti
1040 901 1175 945 cuius
1223 901 1421 958 quidem
1463 908 1594 946 carte
1642 907 1779 946 tenor
1820 904 2048 960 sequitur,

301 974 388 1012 etc.
486 968 738 1013 Noverint3
791 971 1000 1014 universi
1055 985 1131 1014 me
1185 969 1428 1014 Thomam
1485 971 1788 1029 Midlyngton
1839 972 2047 1032 Burgen-

299 1053 399 1082 sem
453 1039 568 1083 ville
624 1040 978 1097 Suthamptone
1034 1046 1081 1084 et
1136 1040 1411 1084 johannam
1465 1056 1663 1085 uxorem
1720 1056 1893 1096 meam,
1944 1048 2049 1096 etc.,

301 1109 584 1162 vendidisse,
646 1115 749 1163 etc,
811 1110 1016 1153 Johanni
1087 1108 1302 1153 Estwell4
1377 1110 1607 1168 Burgensi
1662 1111 1779 1155 ville
1836 1112 2050 1168 predicte

301 1177 420 1222 duas
462 1176 662 1236 stagias5
705 1184 892 1223 nostras
935 1180 1141 1223 situatas
1191 1180 1238 1222 in
1291 1179 1408 1223 villa
1457 1180 1677 1236 predicta
1724 1181 1773 1224 in
1819 1182 2049 1237 parochia

301 1247 500 1291 ecclesie
538 1249 712 1292 Sancte
757 1248 924 1293 Crucis
968 1249 1017 1292 in
1064 1249 1171 1292 vico
1215 1248 1424 1306 Anglico
1471 1249 1520 1292 in
1570 1250 1863 1294 occidentali
1912 1256 2049 1308 parte

301 1317 515 1361 eiusdem
569 1318 663 1362 vici
719 1319 843 1362 inter
893 1324 1222 1363 tenementum
1271 1318 1505 1363 Johannis
1554 1319 1756 1364 Manton
1805 1325 1853 1364 et
1900 1335 2051 1378 nuper

300 1392 413 1430 ante
450 1387 645 1432 I-Ienrici
682 1389 879 1432 Manton
914 1403 971 1432 ex
1010 1394 1146 1445 parte
1184 1388 1360 1432 boriali
1407 1394 1454 1432 et
1493 1393 1822 1433 tenementum
1861 1388 2049 1435 Thome

302 1456 436 1501 Coke
475 1462 522 1501 et
559 1457 717 1502 Alicie
752 1459 915 1502 uxoris
958 1459 1059 1503 eius
1102 1463 1150 1503 et
1193 1473 1343 1516 nuper
1386 1464 1499 1502 ante
1541 1458 1739 1503 Ricardi
1785 1459 1952 1517 Coppe
1991 1475 2051 1504 ex

300 1531 436 1583 parte
491 1527 720 1577 australi;
788 1543 878 1584 que
935 1528 1134 1584 quidem
1190 1528 1281 1572 due
1339 1528 1499 1585 stagia
1559 1529 1805 1585 quondam
1860 1528 2051 1574 fuerunt

302 1600 510 1652 quatuor
551 1597 722 1654 stagie‚
767 1602 814 1640 et
858 1597 1178 1654 quasquidem
1222 1597 1340 1641 duas
1389 1598 1572 1655 stagias
1614 1612 1725 1642 cum
1768 1598 1864 1643 suis
1906 1599 2049 1656 perti-

301 1666 485 1709 nenciis
523 1681 608 1710 nos
646 1666 818 1723 prefati
860 1666 1073 1711 Thomas
1112 1672 1159 1711 et
1196 1666 1419 1711 Johanna
1458 1682 1576 1711 uxor
1613 1682 1722 1711 mea
1760 1683 1910 1725 nuper
1947 1683 2048 1726 per-

302 1735 587 1791 quisivimus
620 1735 677 1779 de
714 1735 923 1780 Ricardo
963 1735 1208 1793 Godefray
1246 1735 1347 1779 filio
1382 1741 1428 1780 et
1461 1737 1633 1780 herede
1670 1736 1848 1794 Rogeri
1889 1736 2047 1782 Gode-

300 1803 421 1862 fray⁶
454 1810 502 1849 et
537 1805 799 1849 petronille
838 1807 1000 1850 uxoris
1038 1807 1153 1859 eius,
1187 1805 1285 1849 filie
1331 1810 1376 1849 et
1420 1806 1608 1850 heredis
1651 1806 1885 1851 Johannis
1924 1808 2049 1861 Bolt,

299 1889 449 1931 nuper
492 1874 739 1933 burgensis
782 1875 898 1920 ville
942 1875 1326 1932 Suthamptone;
1373 1875 1652 1920 habendum
1696 1881 1744 1920 et
1787 1877 2049 1921 tenendum

299 1944 540 2001 predictas
573 1945 692 1989 duas
721 1946 920 2002 stagias,
952 1950 1056 1999 etc,
1088 1944 1277 2002 prefato
1307 1944 1516 2003 Johanni
1553 1944 1765 1998 Estwess,
1797 1945 2050 1991 heredibus

300 2019 347 2057 et
370 2014 627 2072 assignatis
649 2014 758 2068 suis,
784 2015 1139 2072 imperpetuum
1163 2015 1221 2058 de
1248 2014 1545 2072 capitalibus
1568 2015 1778 2059 dominis
1800 2014 2051 2061 feodorum

301 2083 495 2127 illorum
518 2099 600 2140 per
621 2084 823 2128 servicia
857 2085 969 2128 inde
1000 2083 1180 2138 debita,
1206 2089 1295 2129 etc.
1362 2084 1413 2127 In
1447 2084 1582 2128 cuius
1614 2084 1680 2128 rei
1717 2085 2050 2129 testimonium

299 2167 385 2197 nos
422 2152 598 2210 prefati
637 2152 852 2198 Thomas
891 2154 1197 2211 Midlyngton
1235 2159 1283 2198 et
1321 2154 1543 2197 Johanna
1579 2168 1700 2197 uxor
1738 2169 1847 2198 mea
1884 2154 2051 2212 sigilla

299 2227 462 2266 nostra
515 2222 814 2279 presentibus
867 2224 1192 2280 apposuimus.
1291 2223 1351 2266 Et
1403 2237 1490 2280 pro
1554 2223 1728 2267 maiori
1793 2224 2050 2268 securitate

299 2291 517 2349 sigillum
555 2291 700 2335 officii
741 2293 1007 2336 maioratus
1046 2292 1161 2336 ville
1200 2291 1554 2349 Suthamptone
1592 2292 1687 2336 hiis
1722 2293 1903 2350 apponi
1942 2307 2047 2350 pro-

300 2362 587 2405 curavimus.
655 2362 760 2404 Hiis
795 2361 996 2405 testibus
1018 2361 1236 2419 Johanne
1262 2361 1445 2418 Beneyt
1474 2361 1655 2405 maiore
1679 2362 1795 2405 ville
1822 2362 2050 2419 predicte,

301 2429 569 2474 Willielmo
623 2429 829 2487 Overay,
876 2431 1083 2474 Henrico
1141 2430 1375 2487 Holewey
1430 2436 1477 2474 et
1533 2431 1741 2475 Ricardo
1787 2431 2050 2489 Bradewey

302 2499 642 2553 aldermannis,
686 2499 905 2544 Johanne
951 2500 1182 2545 Maschall
1231 2506 1279 2544 et
1328 2498 1519 2544 Thoma
1562 2499 1799 2554 Armorer,
1846 2501 2051 2545 Ballivis

416 2668 426 2688 1
443 2666 552 2694 “Curia
564 2667 801 2699 dominiReg152‘
837 2667 906 2694 This
918 2668 942 2694 is
955 2668 1005 2694 the
1017 2669 1082 2694 first
1094 2669 1227 2695 instance
1239 2668 1268 2694 iu
1282 2667 1378 2694 which
1397 2668 1448 2694 the
1465 2669 1550 2694 court]
1568 2668 1591 2694 is
1609 2667 1757 2694 described
1778 2675 1809 2694 as
1833 2668 1907 2695 “the
1925 2667 2020 2701 k1ng's

335 2710 422 2735 court
431 2709 446 2720 ’'
461 2716 467 2739 ;
486 2709 540 2736 but
553 2709 566 2736 Ι
579 2716 633 2736 can
647 2709 705 2735 find
721 2709 846 2741 nothing
858 2709 888 2735 in
900 2710 952 2735 the
965 2709 1078 2742 history
1092 2710 1122 2736 of
1134 2710 1186 2736 the
1197 2712 1277 2736 town
1292 2711 1323 2735 at
1337 2709 1395 2735 this
1407 2710 1478 2736 time
1491 2710 1522 2735 to
1534 2715 1619 2735 cause
1632 2709 1683 2735 the
1695 2709 1818 2742 change.

416 2794 428 2814 2
444 2793 579 2825 January
593 2794 660 2825 fist,
674 2794 748 2820 1410.

418 2876 430 2898 3
445 2875 459 2888 “
469 2875 638 2903 Noverint.'³
673 2876 743 2903 This
754 2878 777 2903 is
790 2882 844 2903 oue
858 2877 887 2902 of
901 2876 952 2903 the
965 2877 1021 2903 few
1033 2878 1179 2903 metaneae
1192 2879 1221 2902 xn
1234 2877 1286 2903 the
1299 2877 1390 2903 Black
1404 2877 1487 2903 Book
1499 2877 1528 2903 in
1543 2876 1638 2903 wmeh
1656 2883 1672 2902 a
1690 2876 1792 2908 simple
1809 2877 1899 2908 grant
1917 2876 2017 2909 begins

341 2917 411 2943 with
424 2918 482 2944 this
494 2918 585 2944 word.

420 3003 433 3023 4
446 3001 530 3029 John
548 3002 688 3034 EstweH,
707 3002 800 3028 bailiff
816 3002 848 3029 in
867 3003 931 3029 1422
949 3003 1007 3028 and
1027 3004 1099 3028 1426.
1134 3003 1176 3029 At
1188 3002 1239 3029 the
1251 3003 1363 3029 tormer
1376 3003 1444 3029 date
1456 3002 1500 3033 he,
1513 3001 1587 3028 with
1600 3001 1644 3028 his
1655 3002 1754 3028 follow
1767 3001 1866 3035 bailiff,
1880 3002 2019 3028 Benedict

342 3042 511 3075 wychtord‚
523 3044 579 3070 and
593 3043 642 3070 the
655 3050 766 3076 mayor,
779 3043 858 3070 John
871 3043 973 3076 Benet,
986 3044 1156 3076 supervised
1168 3044 1219 3071 the
1232 3045 1326 3076 repair
1339 3044 1369 3070 of
1381 3044 1431 3070 the
1443 3045 1524 3070 town
1537 3043 1619 3069 walls
1634 3049 1705 3069 near
1717 3042 1803 3070 God's
1816 3043 1922 3070 House.
1957 3042 2019 3070 The

342 3086 467 3111 account
487 3085 534 3111 for
553 3085 620 3111 that
640 3092 711 3118 year
731 3085 827 3111 shows
847 3085 915 3112 that
934 3085 986 3111 tho
1006 3085 1115 3112 balliffs
1134 3086 1266 3112 received
1286 3086 1359 3112 ‚1:100
1378 3086 1454 3111 from
1473 3085 1523 3111 the
1541 3086 1674 3117 tunnage
1688 3085 1746 3110 aud
1758 3085 1914 3117 poundage
1926 3085 1955 3111 ln
1969 3084 2019 3111 the

342 3127 416 3158 port.
459 3126 527 3152 Tms
548 3133 607 3152 was
628 3128 739 3159 mainly
757 3127 908 3159 expended
929 3133 965 3152 on
988 3127 1293 3158 materiale-timber,
1312 3128 1460 3158 ragstone,
1481 3127 1634 3159 freestone,
1655 3127 1727 3158 lead,
1750 3126 1843 3157 chaun
1867 3128 1940 3154 etc:
1963 3126 2017 3152 but
