2212 3408
35 414 109 448 1³01.
133 413 191 446 YI⁴

336 158 396 201 44
927 156 1020 186 THE
1054 155 1211 186 BLACK
1245 156 1370 187 Boox

735 287 1057 346 [Transcribed
1090 289 1182 332 and
1214 288 1564 346 Summam'sed]

336 381 708 440 ¹Suthamptona
732 384 795 427 ad
824 385 1257 441 congregacionem
1294 384 1475 428 ibidem
1512 389 1698 428 tentam
1735 386 1812 429 die
1835 386 2019 429 veneris

274 453 496 509 proximo
539 459 648 509 post
690 452 865 497 festum
904 453 1079 496 Sancte
1115 453 1247 496 Fidis
1289 454 1491 510 virginis
1533 453 1674 497 Anno
1717 454 1850 511 regni
1894 455 2019 512 regis

275 522 470 565 Ricardi
494 522 688 566 secundi
724 520 862 565 xviii2
892 527 1123 566 venerunt
1155 522 1397 565 Johannes
1432 522 1605 566 Sutton
1640 522 1767 566 filius
1805 528 1851 566 et
1885 524 2019 567 heres

273 589 419 633 Alani
443 591 501 634 de
525 591 698 635 Sutton
730 596 776 634 et
808 590 1016 634 Isabella
1054 606 1173 634 uxor
1208 591 1309 634 eius
1348 596 1395 634 et
1432 591 1673 635 XValterus
1713 591 1876 649 Lange
1910 591 2016 635 bur-

274 660 431 716 gensis
460 660 575 703 ville
609 660 962 716 Suthamptone
998 665 1046 703 et
1080 659 1303 717 Johanna
1340 675 1456 703 uxor
1492 661 1592 704 eius
1631 666 1678 704 et
1715 661 2018 717 protulerunt

273 742 436 772 coram
460 728 702 772 Nicholao
728 728 999 785 Langstoke
1024 733 1138 771 tunc
1161 728 1344 771 ibidem
1364 729 1547 772 maiore
1571 734 1618 772 et
1640 729 1858 773 Johanne
1884 729 2018 773 Flete

274 802 389 840 tunc
432 797 624 840 Ballivo
668 802 716 840 et
759 797 870 840 aliis
915 798 963 839 in
1006 797 1139 840 curia
1183 796 1367 840 ibidem
1410 797 1728 841 existentibus
1771 799 2017 854 quandam

272 872 459 909 cartam
489 863 811 909 indentatam3
834 866 969 909 cuius
1003 871 1138 909 tenor
1173 865 1387 922 sequitur
1424 867 1471 908 in
1507 867 1595 910 hec
1628 866 1786 910 verba.
1852 867 2018 911 Sciant

271 941 512 991 presentes
547 940 594 978 et
628 934 775 979 futuri
813 935 942 991 quod
976 950 1063 978 nos
1097 935 1340 979 Johannes
1377 934 1566 988 Sutton,
1598 941 1701 989 eto,
1734 941 1782 979 et
1813 935 2019 980 Isabella

272 1019 391 1048 uxor
414 1019 535 1058 mea,
556 1010 659 1055 etc„
685 1004 918 1057 dedimus,
942 1005 1263 1048 concessimus
1286 1010 1333 1048 et
1355 1005 1446 1048 hac
1470 1006 1675 1061 presenti
1700 1010 1833 1049 carta
1856 1011 2019 1050 nostra

273 1074 526 1118 indentata
559 1073 951 1118 confirmavimus
986 1074 1203 1117 Waltero
1239 1076 1415 1131 Lange,
1441 1080 1544 1127 etc.,
1569 1080 1616 1117 et
1639 1074 1857 1118 Johanne
1881 1076 2018 1119 uxori

272 1143 372 1200 ejus
416 1148 574 1187 totum
618 1143 741 1187 illud
785 1148 1114 1186 tenementum
1169 1149 1384 1187 nostrum
1438 1150 1666 1187 vocatum
1709 1145 2018 1201 Stonesplace

271 1213 507 1256 situatum
530 1212 654 1256 infra
678 1212 953 1256 libertatem
979 1213 1094 1255 ville
1119 1211 1488 1269 Suthamptone4
1511 1213 1724 1269 predicte
1751 1218 1798 1257 et
1829 1214 2015 1257 domin-

273 1283 401 1326 icum
425 1282 482 1326 de
505 1280 702 1326 Schirle5
735 1297 845 1326 cum
876 1281 1101 1325 omnibus
1131 1282 1267 1325 terris
1296 1282 1448 1338 pratis
1480 1281 1637 1325 boscis
1659 1283 1849 1338 pascuis
1873 1284 2018 1327 moris

271 1352 480 1408 pasturis
501 1366 598 1396 una
620 1366 731 1395 cum
753 1366 849 1395 uno
872 1356 1012 1408 prato
1035 1356 1211 1395 vocato
1231 1351 1274 1395 le
1297 1351 1445 1395 broke
1467 1351 1657 1407 jacente
1681 1352 1811 1408 apud
1833 1351 2017 1396 Totton

272 1435 381 1465 cum
421 1420 644 1465 omnibus
681 1421 777 1465 suis
813 1421 1125 1477 pertinenciis
1162 1420 1212 1463 in
1247 1419 1475 1464 suburbio
1510 1421 1625 1464 ville
1665 1421 2018 1478 Suthamptone

273 1489 483 1535 Schirele
510 1496 557 1534 et
579 1489 764 1534 Totton
788 1490 1033 1547 predicto;
1066 1489 1343 1534 habendum
1374 1495 1421 1534 et
1449 1490 1711 1534 tenendum
1734 1495 1893 1534 totum
1914 1505 2015 1547 pre-

272 1560 458 1604 dictum
511 1565 855 1613 tenementum,
901 1564 1005 1612 etc„
1059 1574 1156 1603 una
1210 1574 1320 1603 cum
1364 1565 1505 1616 prato
1551 1564 1725 1603 vocato
1771 1560 1815 1603 le
1865 1560 2017 1604 Broke

271 1630 503 1686 predicto,
543 1635 647 1683 etc.‚
683 1629 911 1686 predictis
947 1628 1166 1673 Waltero
1202 1629 1366 1686 Lange
1405 1634 1453 1673 et
1488 1629 1706 1673 Johanne
1740 1629 1876 1673 uxori
1917 1630 2018 1673 eius

272 1699 330 1743 de
353 1699 582 1756 predictis
603 1699 821 1743 Johanne
854 1698 1027 1742 Sutton
1056 1704 1103 1742 et
1128 1697 1330 1742 Isabelle
1364 1713 1511 1742 uxore
1545 1699 1646 1742 eius
1681 1703 1730 1742 et
1763 1697 2017 1743 heredibus

271 1769 367 1812 suis
404 1769 467 1812 ad
506 1773 664 1812 totum
704 1768 962 1812 terminum
998 1768 1096 1811 vite
1133 1783 1297 1811 eorum
1333 1782 1413 1811 seu
1452 1768 1593 1811 unius
1631 1782 1796 1811 eorum
1835 1767 2017 1812 diutius

271 1839 480 1882 viventis
527 1839 585 1882 de
634 1837 929 1894 capitalibus
978 1838 1188 1881 dominis
1233 1836 1363 1880 feodi
1413 1837 1545 1881 illius
1588 1852 1670 1894 per
1713 1837 1927 1880 redditus
1970 1842 2017 1881 et

270 1908 473 1951 servicia
522 1908 633 1951 inde
672 1907 852 1959 debita,
892 1912 981 1950 etc.
1065 1906 1331 1950 Reddendo
1375 1907 1485 1950 inde
1530 1907 1784 1950 annuatim
1828 1905 2016 1963 prefato

271 1977 478 2021 Johanni
519 1977 693 2020 Sutton
729 1981 776 2019 et
813 1975 1014 2019 Isabelle
1050 1976 1187 2019 uxori
1228 1976 1341 2028 eius,
1381 1975 1635 2019 heredibus
1673 1980 1720 2019 et
1758 1976 2018 2032 assignatis

271 2046 367 2090 suis
410 2051 617 2103 quatuor
663 2060 849 2089 marcas
887 2045 1227 2102 sterlingorum
1271 2045 1334 2088 ad
1377 2050 1584 2101 quatuor
1627 2044 1741 2088 anni
1787 2045 2016 2089 terminos

271 2115 563 2172 principales
605 2116 740 2172 equis
787 2114 1098 2171 porcionibus
1142 2129 1227 2171 pro
1281 2129 1424 2158 omne
1477 2115 1679 2158 servicio
1723 2119 1771 2157 et
1813 2114 2015 2157 seculari

272 2185 526 2229 demanda.
635 2185 694 2228 Et
752 2185 791 2228 si
850 2184 1108 2241 contingat
1169 2184 1439 2240 predictum
1504 2183 1745 2227 redditum
1810 2188 2018 2240 quatuor

272 2269 541 2298 marcarum
579 2253 678 2298 fore
714 2258 871 2297 aretro
909 2268 992 2310 per
1028 2268 1178 2297 unum
1217 2267 1428 2296 mensem
1471 2258 1580 2310 post
1623 2251 1767 2296 finem
1810 2252 2016 2296 alicuius

272 2323 463 2366 termini
515 2323 803 2379 prelimitati
848 2323 897 2365 in
940 2327 1077 2379 parte
1120 2322 1198 2365 vel
1243 2322 1292 2364 in
1336 2327 1441 2365 toto
1486 2326 1662 2365 extunc
1704 2320 1826 2364 bene
1869 2320 2016 2364 liceat

271 2392 498 2448 predictis
539 2391 747 2450 Johanni
787 2393 960 2435 Sutton
1004 2396 1051 2435 et
1091 2390 1306 2443 Isabelle‚
1347 2395 1451 2443 eto,
1490 2389 1743 2434 heredibus
1781 2394 1830 2433 et
1867 2390 2013 2447 assig-

271 2461 399 2504 natis
441 2461 537 2504 suis
582 2461 630 2503 in
681 2460 866 2504 dictum
914 2465 1243 2503 tenementum
1293 2474 1402 2503 cum
1449 2459 1672 2503 omnibus
1717 2459 1864 2512 terris,
1910 2463 2014 2512 etc.‚

273 2530 450 2573 intrare
473 2534 521 2573 et
545 2530 592 2572 in
616 2530 797 2573 eisdem
830 2529 1113 2586 distringere
1147 2534 1194 2572 et
1227 2528 1556 2572 districciones
1590 2528 1773 2571 ibidem
1797 2529 2016 2571 inventas

271 2613 440 2655 capere
464 2597 630 2655 fugare
654 2604 700 2642 et
728 2606 972 2654 asportare
1007 2603 1053 2641 et
1087 2612 1231 2654 penes
1264 2612 1311 2641 se
1341 2598 1543 2641 retinere
1568 2598 1720 2641 donec
1744 2598 1801 2640 de
1824 2597 2015 2641 redditu

271 2669 338 2712 sic
361 2675 517 2712 aretro
547 2669 781 2712 existente
820 2683 916 2711 una
951 2683 1061 2710 cum
1097 2667 1320 2723 dampnis
1355 2672 1402 2710 et
1437 2667 1657 2723 expensis
1695 2667 1762 2709 eis
1799 2665 2013 2722 plenarie

272 2736 415 2782 fuerit
451 2736 768 2782 satisfactum.
851 2736 911 2780 Et
945 2737 984 2780 si
1027 2735 1265 2780 sufficiens
1300 2736 1547 2779 districcio
1582 2736 1630 2778 in
1667 2735 1846 2779 eisdem
1883 2740 2010 2778 tene-

271 2807 459 2860 mentis,
484 2812 588 2860 etc.,
621 2806 823 2850 inveniri
858 2821 954 2849 non
985 2805 1163 2862 poterit
1198 2820 1280 2862 per
1315 2819 1462 2862 quam
1497 2804 1780 2861 distringere
1813 2807 2014 2860 possunt

386 2942 394 2961 1
412 2941 472 2966 The
494 2941 635 2973 ordinary
657 2940 792 2971 heading,
814 2940 964 2971 declariug
986 2939 1035 2965 the
1054 2940 1139 2965 court
1162 2941 1191 2964 to
1216 2938 1249 2964 be
1271 2939 1336 2964 held
1356 2938 1455 2964 before
1479 2938 1529 2963 the
1547 2937 1661 2968 bailliis,
1679 2937 1702 2962 is
1726 2937 1850 2962 omitted
1874 2936 1902 2961 in
1927 2936 1977 2962 the

306 2982 438 3012 original.

385 3033 397 3053 2
411 3031 527 3064 Friday,
539 3032 664 3058 October
675 3032 733 3064 eth,
748 3033 821 3058 1394.

385 3082 397 3102 3
412 3081 427 3093 “
436 3081 554 3108 Oartam
567 3082 776 3114 indentatam‚”
790 3082 844 3113 i.e.‚
856 3082 907 3113 tho
919 3082 1089 3113 equivalent
1101 3081 1130 3107 of
1143 3081 1194 3107 the
1207 3081 1326 3106 modern
1339 3080 1504 3111 ludenture,
1515 3079 1565 3105 tho
1575 3079 1702 3104 formula
1714 3078 1784 3104 used
1796 3078 1825 3103 ln
1838 3085 1855 3103 a
1865 3077 1937 3104 deod
1947 3078 1976 3103 in

309 3123 400 3148 which
412 3123 483 3149 both
496 3124 604 3155 parties
616 3130 665 3149 are
679 3124 778 3149 bound
792 3125 824 3149 to
838 3124 912 3149 tulfil
925 3124 1038 3149 certain
1051 3123 1237 3154 obligations.

387 3182 398 3201 4
418 3180 477 3207 The
499 3181 613 3213 liberty
636 3182 674 3214 os
690 3182 940 3213 Sauthampton:
968 3181 1016 3206 tho
1039 3181 1108 3206 laud
1128 3181 1282 3211 belonging
1302 3182 1332 3205 to
1349 3180 1404 3204 and
1419 3178 1553 3204 included
1567 3178 1672 3203 within
1688 3177 1929 3209 [hejurisdictiou
1947 3178 1977 3202 of
