2212 3408
377 130 437 187 48
966 145 1061 175 THE
1094 145 1252 177 BLACK
1285 147 1411 177 Boox

897 296 997 340 Fol.
1031 296 1095 339 VI
1120 296 1159 339 B
1194 294 1476 355 (continued).

775 396 1097 455 [Transcribed
1129 399 1221 442 and
1253 397 1603 456 Summarised]

377 499 714 558 Suthampton.
801 501 889 545 Ad.
917 503 1102 546 curiam
1151 502 1333 546 ibidem
1387 507 1574 546 tentam
1626 517 1789 546 coram
1845 502 2056 548 Ricardo

317 567 583 627 Bradeway
607 576 720 614 tunc
743 570 925 614 ibidem
948 571 1135 615 ballivo
1165 572 1242 615 die
1280 573 1444 615 Martis
1477 572 1700 628 proximo
1737 578 1847 628 post
1882 571 2055 617 festum

314 636 489 682 Sancte
532 639 763 683 Katerine
807 640 1008 697 virginis
1052 639 1193 684 Anno
1241 641 1372 697 regni
1430 641 1553 698 regis
1609 640 1806 684 Ricardi
1861 643 2055 686 secundi

314 707 544 752 vicesimo
567 707 807 752 secundo.1

372 817 448 861 Ad
470 819 597 862 hunc
620 819 748 862 diem
779 825 1010 863 venerunt
1033 819 1248 862 Thomas
1279 819 1646 877 Middelyngton
1670 820 1918 878 burgensis
1941 822 2056 866 ville

312 887 695 943 Southamptone
719 893 766 932 et
790 889 1011 932 Johanna
1034 903 1153 932 uxor
1185 903 1271 931 sua
1302 893 1348 932 et
1383 889 1686 945 protulerunt
1722 895 1834 933 tunc
1875 890 2056 934 ibidem

311 970 474 998 coram
498 957 765 1001 Willielmo
789 956 976 1014 Overey
1001 963 1114 1001 tunc
1138 957 1319 1000 ibidem
1344 958 1525 1000 maiore
1550 963 1596 1001 et
1619 959 1835 1013 Johanne
1856 959 2058 1003 Botiller

312 1029 425 1068 tunc
451 1025 630 1069 ibidem
654 1027 814 1070 locum
839 1032 1030 1070 tenente
1062 1026 1235 1083 prefati
1270 1025 1462 1070 ballivi2
1492 1041 1638 1070 unam
1673 1033 1857 1071 cartam
1892 1027 2053 1072 feoffa-

312 1095 460 1137 menti
486 1095 621 1139 cuius
643 1100 780 1139 tenor
801 1097 1028 1152 sequitur,
1053 1101 1140 1140 etc.
1207 1095 1374 1139 Sciant
1405 1102 1646 1152 presentes
1680 1102 1727 1140 et
1756 1096 1902 1141 futuri
1928 1099 2057 1154 quod

309 1177 395 1206 nos
437 1162 652 1208 Thomas
697 1166 1078 1222 Middelyngton,
1123 1171 1227 1218 etc.,
1278 1170 1324 1208 et
1371 1166 1590 1208 Johanna
1634 1180 1752 1209 uxor
1788 1181 1910 1219 mea,
1951 1172 2054 1220 eto,

310 1232 543 1286 dedimus,
583 1239 687 1287 etc„
734 1234 945 1278 Ricardo
986 1234 1248 1290 Bradewey
1286 1234 1509 1291 burgensi
1549 1234 1665 1278 ville
1703 1236 1916 1291 predicte
1960 1236 2056 1280 duo

310 1306 586 1346 tenementa
631 1304 677 1346 in
724 1304 842 1346 villa
897 1303 1255 1359 Suthamptona
1308 1304 1527 1360 predicta
1571 1304 1715 1347 simul
1769 1305 1951 1348 situata
2005 1305 2054 1348 in

308 1373 540 1427 parochia
579 1372 742 1416 Sancti
785 1373 1037 1416 Laurencii
1079 1373 1127 1415 in
1171 1373 1279 1416 vico
1315 1372 1524 1429 Anglico
1563 1374 1611 1415 in
1651 1373 1878 1417 orientali
1917 1379 2054 1430 parte

310 1441 524 1484 eiusdem
566 1442 661 1485 vici
708 1443 830 1485 inter
873 1442 1126 1486 ecclesiam
1176 1442 1339 1485 Sancti
1387 1443 1637 1485 Laurencii
1683 1443 1951 1499 predictam
1997 1458 2055 1486 ex

307 1516 443 1566 parte
467 1512 667 1554 australi
702 1517 749 1555 et
783 1516 1110 1555 tenementum
1145 1526 1292 1567 nuper
1326 1512 1559 1555 Johannis
1590 1511 1861 1568 Polymond
1886 1513 1934 1555 in
1959 1527 2054 1569 quo

307 1579 549 1624 Johannes
590 1579 744 1638 Truyt
787 1581 933 1624 modo
978 1580 1222 1624 inhabitat
1267 1595 1324 1623 ex
1362 1586 1498 1637 parte
1542 1581 1731 1624 boriali.
1820 1581 2054 1625 Dedimus

308 1650 477 1701 eciam,
503 1655 606 1703 etc.,
637 1649 824 1706 prefato
850 1649 1061 1693 Ricardo
1092 1649 1337 1705 quoddam
1373 1650 1627 1705 gardinum
1662 1650 1890 1705 predictis
1924 1655 2050 1694 tene-

309 1719 484 1761 mentis
536 1725 833 1762 annexatum
887 1719 1016 1775 quod
1059 1718 1255 1774 quidem
1300 1718 1555 1774 gardinum
1607 1718 1737 1774 jacet
1781 1719 1905 1761 inter
1957 1719 2053 1763 duo

308 1792 584 1831 tenementa
608 1789 824 1844 predicta
854 1803 910 1831 ex
943 1794 1078 1844 parte
1102 1788 1394 1831 occidentali
1419 1793 1466 1831 et
1490 1803 1676 1831 murum
1702 1789 1816 1832 ville
1839 1789 2053 1845 predicte

308 1871 365 1899 ex
390 1863 523 1912 parte
547 1858 771 1900 orientali
808 1863 853 1901 et
888 1858 1133 1914 quoddam
1168 1857 1423 1914 gardinum
1455 1858 1686 1900 Johannis
1711 1858 1981 1901 Penkeston
2005 1863 2052 1902 et

305 1925 523 1984 Johanne
562 1927 723 1970 uxoris
762 1927 862 1970 eius
898 1941 955 1970 ex
991 1932 1125 1982 parte
1162 1926 1363 1969 australi
1404 1932 1450 1969 et
1490 1926 1747 1981 gardinum
1789 1927 1960 1983 prioris
2004 1932 2051 1970 et

305 2003 569 2040 conventus
592 1996 756 2039 Sancti
784 1996 990 2039 Dionisii
1024 2010 1081 2039 ex
1111 2001 1247 2052 parte
1271 1995 1445 2038 boriali
1468 2010 1475 2047 ;
1515 1995 1790 2039 habendum
1817 2001 1863 2039 et
1887 2002 2048 2040 tenen-

307 2066 421 2109 dum
443 2066 660 2122 predicta
685 2067 778 2109 duo
803 2071 1078 2109 tenementa
1110 2070 1157 2108 et
1187 2065 1457 2122 gardinum,
1483 2070 1587 2117 etc.‚
1610 2064 1799 2121 prefato
1825 2065 2050 2118 Ricardo,

305 2135 558 2178 heredibus
585 2141 631 2178 et
665 2135 924 2192 assignatis
958 2135 1054 2178 suis
1089 2135 1147 2177 de
1182 2134 1478 2190 capitalibus
1513 2134 1722 2177 dominis
1755 2133 1883 2177 feodi
1919 2134 2051 2178 illius

306 2219 388 2260 per
410 2205 612 2248 servicia
635 2205 746 2248 inde
770 2204 950 2257 debita,
971 2210 1075 2257 eto,
1095 2205 1143 2246 in
1168 2209 1466 2260 perpetuum.
1529 2202 1588 2246 Et
1607 2217 1693 2246 nos
1711 2218 1822 2246 vero
1845 2203 2049 2259 predicti

306 2273 520 2317 Thomas
553 2279 599 2317 et
632 2275 853 2330 Johanna
887 2288 1006 2317 uxor
1038 2287 1147 2316 mea
1181 2278 1228 2315 et
1259 2272 1454 2315 heredes
1480 2272 1627 2315 nostri
1654 2272 1749 2315 duo
1773 2277 2050 2315 tenementa

307 2349 353 2385 et
388 2343 658 2399 gardinum,
693 2348 797 2396 etc.,
834 2342 1045 2385 Ricardo
1075 2341 1328 2385 heredibus
1364 2346 1411 2384 et
1446 2341 1705 2397 assignatis
1748 2341 1843 2384 suis
1880 2345 2049 2383 contra

306 2426 471 2455 omnes
494 2418 659 2469 gentes
681 2411 1111 2455 warantizabimus
1144 2415 1191 2454 et
1224 2409 1535 2453 defendemus
1559 2410 1606 2452 in
1630 2415 1929 2466 perpetuum.
1997 2409 2047 2452 In

305 2481 440 2524 cuius
463 2482 527 2524 rei
553 2481 888 2524 testimonium
909 2481 1022 2523 huic
1045 2479 1251 2536 presenti
1280 2484 1410 2522 carte
1445 2478 1610 2535 sigilla
1646 2483 1808 2522 nostra
1843 2492 2046 2535 apposu-

305 2550 443 2593 imus.
510 2549 569 2593 Et
592 2551 654 2592 ad
678 2550 911 2592 maiorem
933 2550 1074 2592 huius
1097 2549 1162 2591 rei
1190 2548 1496 2591 securitatem
1531 2547 1808 2591 faciendam
1831 2547 2047 2604 sigillum

306 2617 451 2662 officii
476 2620 742 2662 maioratus
765 2619 879 2661 ville
902 2619 1115 2674 predicte
1147 2616 1446 2674 presentibus
1469 2617 1649 2673 apponi
1672 2616 2046 2673 procuravimus

307 2688 415 2731 Hiis
438 2687 641 2731 testibus
673 2689 889 2731 Johanne
916 2687 1049 2730 Flete
1085 2693 1199 2730 tunc
1234 2687 1416 2729 maiore
1450 2686 1565 2729 ville
1597 2685 1811 2741 predicte
1837 2684 2048 2727 Henrico

306 2758 538 2814 Holewey
562 2763 675 2800 tunc
699 2757 881 2800 ibidem
908 2757 1204 2800 seneschallo
1227 2755 1469 2799 Nicholao
1494 2754 1809 2811 Langestoke,
1832 2753 2046 2796 VValtero

307 2826 484 2883 Lange,
537 2827 754 2882 Johanne
819 2826 1027 2882 Deryng,
1088 2825 1354 2868 Willielmo
1410 2819 1777 2875 Ravenestone,3
1830 2822 2045 2864 Johanne

418 2960 428 2980 1
445 2960 588 2992 Tuesday,
599 2960 766 2986 November
779 2960 854 2991 26th,
870 2961 941 2985 1398.

419 3028 431 3048 2
444 3027 473 3052 It
485 3027 588 3052 should
602 3026 636 3052 be
650 3027 739 3052 noted
753 3027 829 3058 that,
842 3027 953 3058 despite
966 3026 1016 3052 the
1029 3026 1090 3051 fact
1102 3025 1168 3050 that
1183 3025 1234 3051 the
1252 3025 1323 3051 deed
1342 3024 1395 3049 has
1416 3024 1464 3049 the
1484 3023 1567 3048 usual
1589 3023 1724 3052 heading,
1744 3022 1767 3046 it
1785 3027 1876 3046 seems
1896 3021 1969 3052 that,
1981 3028 2012 3046 as

340 3068 390 3093 the
400 3068 494 3093 bailiff
506 3075 565 3094 was
578 3075 593 3093 τι
607 3071 692 3100 party
706 3068 862 3094 concor-ned
878 3069 906 3093 in
920 3068 970 3094 the
983 3070 1099 3099 present
1112 3067 1193 3099 deed,
1205 3068 1256 3092 the
1272 3068 1357 3092 court
1375 3072 1434 3092 was
1452 3071 1488 3090 on
1509 3064 1566 3090 this
1584 3063 1715 3090 occasion
1734 3062 1867 3094 presided
1884 3068 1955 3088 over
1973 3062 2010 3094 by

340 3109 383 3136 his
396 3109 494 3137 locum
506 3111 624 3137 tenens.

419 3168 432 3189 ³
454 3167 590 3195 William
609 3168 816 3199 Ravenecton,
832 3168 1047 3199 mayor-1393&
1083 3168 1126 3192 He
1138 3166 1241 3193 rented
1262 3166 1311 3191 the.
1330 3167 1422 3192 tower
1434 3165 1527 3191 above
1539 3163 1589 3190 the
1604 3163 1773 3195 Floodgate‚
1786 3168 1819 3188 or
1833 3162 2010 3194 Watergate,
