2212 3408
47 1341 122 1375 Fol.
145 1341 241 1375 xxl.

359 73 442 130 148
937 86 1031 116 THE
1066 86 1223 117 BLACK
1257 88 1383 118 BOOK

857 237 959 282 Fol.
993 237 1087 282 XX
1112 239 1148 281 B
1184 235 1467 295 (continued).

290 334 475 375 cartam
499 331 769 388 predictam
792 346 890 376 esse
913 331 1096 377 facturn
1120 346 1271 377 suum.
1339 333 1397 376 Et
1428 332 1553 389 petit
1585 331 1665 376 hic
1698 331 1956 377 inbreviari
1984 333 2033 376 in

291 400 618 444 exclusionem
663 401 777 445 iuris
819 402 891 445 sui
936 406 984 445 et
1025 402 1254 446 heredum
1307 416 1501 446 suorum
1555 402 1603 445 in
1657 406 1939 458 perpetuum
1986 407 2032 446 et

290 470 552 514 secundum
589 471 1002 524 consuetudinem,
1043 476 1130 515 etc.
1197 471 1258 515 Et
1296 471 1508 515 admissa
1546 476 1616 514 est
1650 486 1732 527 per
1766 472 1950 515 curiam
1986 476 2033 515 et

290 538 563 583 inbreviata
601 540 700 584 sive
740 541 994 584 irrotulata
1027 541 1075 583 in
1111 540 1435 584 exclusionem
1471 541 1586 584 iuris
1619 541 1689 584 sui
1725 546 1771 584 et
1805 541 2032 584 heredum

290 622 482 651 suorum
523 609 570 651 in
608 615 907 665 perpetuum,
947 615 1035 653 etc.
1103 609 1163 653 Et
1201 624 1339 665 super
1376 611 1468 653 hoc
1502 624 1727 654 concessa
1757 615 1826 653 est
1856 611 2032 653 seisina

289 677 490 733 prefatis
526 679 741 734 personis
778 679 1039 722 secundum
1078 679 1179 722 vim
1218 684 1264 722 et
1303 678 1524 722 effectum
1562 684 1693 723 carte
1731 679 1944 736 predicte
1983 680 2031 723 in

289 745 494 790 formam
527 748 874 804 recognitionis
906 762 986 792 sue
1022 748 1234 805 predicte
1264 763 1321 791 ac
1351 749 1611 792 secundum
1634 750 2031 793 consuetudinem

291 815 406 859 ville
428 816 655 873 predicte,
681 822 768 861 etc.

763 1236 1084 1295 [Transcribed
1117 1239 1209 1282 and
1241 1236 1590 1294 Summarised]

349 1349 687 1407 Suthanipton.
773 1350 848 1394 Ad
890 1351 1075 1395 curiam
1117 1365 1425 1394 communem
1474 1350 1657 1394 domini
1706 1350 1853 1407 Regis
1896 1356 2031 1395 tenta

287 1420 417 1475 apud
460 1419 868 1476 Suthamptonam
911 1435 1075 1463 coram
1118 1419 1336 1463 Johanne
1382 1420 1563 1476 Beneyt
1609 1419 1789 1463 ibidem
1833 1421 2030 1474 maiore,

286 1487 477 1533 Thoma
513 1489 701 1546 Regald
733 1495 779 1533 et
808 1488 1000 1533 Thoma
1034 1489 1256 1533 Armorer
1292 1488 1473 1532 ibidem
1508 1489 1712 1532 Ballivis
1749 1489 1826 1532 die
1863 1491 2031 1534 martis

285 1559 508 1614 proximo
545 1564 653 1615 post
691 1558 865 1602 festum
904 1558 1067 1602 Sancti
1110 1558 1331 1615 Gregorii
1367 1573 1505 1614 pape,
1543 1573 1671 1601 anno
1708 1559 1841 1615 regni
1883 1558 2031 1617 Regis

284 1628 464 1672 henrici
490 1629 648 1684 quinti
672 1633 780 1685 post
803 1634 1120 1685 conquestum
1143 1626 1331 1685 primo.l

343 1722 419 1766 Ad
456 1723 581 1767 hanc
618 1725 803 1767 curiam
846 1729 1077 1768 venerunt
1121 1723 1362 1767 Johannes
1404 1723 1592 1780 VVhyte,
1633 1728 1737 1776 eto,
1775 1729 1823 1767 et
1862 1723 2027 1777 Lucia,

283 1797 387 1845 eto,
422 1797 469 1835 et
502 1793 817 1848 protulerunt,
853 1798 957 1846 ete„
993 1793 1228 1849 quasdam
1273 1793 1552 1836 indenturas
1587 1807 1790 1848 quarum
1835 1793 2029 1849 quidem

284 1861 646 1905 indenturarum
702 1868 836 1905 tenor
894 1863 1121 1918 sequitur,
1175 1867 1262 1905 etc.
1362 1861 1463 1905 Hec
1518 1861 1772 1905 indentura
1827 1867 2031 1906 testatur

283 1931 412 1987 quod
476 1945 561 1974 nos
629 1931 871 1975 Johannes
938 1931 1114 1988 Whyte
1170 1932 1287 1975 ville
1350 1931 1705 1987 Suthamptone
1769 1936 1816 1974 et
1882 1932 2030 1975 Lucia

282 2015 401 2043 uxor
470 2015 579 2044 mea
642 2016 792 2057 nuper
850 2016 969 2044 uxor
1038 2000 1266 2044 Nicholai
1329 2000 1532 2057 Charlys
1600 2000 1844 2056 quondam
1914 2001 2030 2044 ville

283 2068 636 2126 Suthamptone
686 2070 911 2126 predicte,
967 2075 1072 2123 etc„
1140 2070 1200 2113 ad
1255 2069 1446 2112 firmam
1510 2069 1781 2113 dimisimus
1843 2069 2030 2114 Thome

283 2138 391 2182 Sese
430 2139 623 2182 Scissori
665 2139 879 2182 eiusdem
918 2139 1034 2182 ville
1078 2144 1237 2182 totum
1277 2139 1398 2182 illud
1443 2144 1772 2182 tenementum
1815 2144 2030 2182 nostrum

282 2208 517 2251 situatum
551 2208 599 2250 in
633 2208 754 2251 villa
792 2208 1010 2264 predicta
1055 2209 1103 2251 in
1143 2208 1374 2265 parochia
1413 2208 1611 2251 ecclesie
1655 2208 1828 2251 Sancte
1865 2207 2031 2252 Crucis

283 2277 331 2319 in
385 2277 494 2320 vico
547 2276 757 2333 Anglico
812 2278 860 2320 in
915 2278 1208 2321 occidentali
1271 2282 1406 2333 parte
1472 2277 1687 2321 eiusdem
1746 2278 1841 2321 vici
1907 2278 2032 2321 inter

282 2350 614 2389 tenementum
657 2345 813 2389 Alicie
860 2345 1026 2403 Coppe
1077 2347 1124 2389 in
1170 2361 1265 2403 quo
1309 2346 1455 2389 modo
1500 2345 1745 2390 inhabitat
1788 2346 2031 2390 Johannes

284 2414 427 2472 Elyot
461 2429 518 2458 ex
544 2420 679 2471 parte
713 2415 888 2458 boriali
924 2421 970 2459 et
1006 2415 1248 2459 venellam
1283 2420 1510 2459 vocatam
1548 2414 1940 2459 Cokerewelane2
1973 2430 2029 2459 ex

282 2489 418 2540 parte
446 2485 645 2528 australi
675 2489 722 2527 et
753 2485 882 2540 quod
916 2485 1113 2541 quidem
1147 2490 1478 2528 tenementum
1511 2489 1726 2528 nostrum
1758 2485 2030 2541 predictum

282 2568 432 2610 nuper
463 2552 556 2597 fuit
580 2554 812 2597 Johannis
836 2553 968 2597 Coke
993 2554 1238 2610 quondam
1265 2554 1381 2597 ville
1405 2554 1645 2610 predicte;
1681 2553 1957 2598 habendum
1982 2560 2029 2598 et

283 2622 543 2665 tenendum
567 2627 725 2666 totum
748 2622 1019 2678 predictum
1051 2627 1376 2666 tenementum
1411 2627 1625 2666 nostrum
1660 2637 1769 2666 cum
1805 2622 2029 2667 omnibus

282 2691 377 2735 suis
415 2691 725 2747 pertinenciis
764 2691 951 2747 prefato
985 2691 1173 2736 Thome
1207 2691 1461 2735 heredibus
1494 2697 1542 2735 et
1571 2692 1830 2749 assignatis
1851 2693 1948 2736 suis
1970 2693 2028 2736 de

281 2760 421 2803 nobis
443 2760 672 2816 predictis
689 2759 907 2818 Johanne
931 2761 1027 2804 and
1048 2761 1211 2815 Lucia,
1227 2760 1480 2805 heredibus
1504 2765 1551 2805 et
1574 2761 1833 2819 assignatis
1854 2762 2028 2805 nostris

397 2921 406 2940 l
424 2919 565 2951 'ruesdam
580 2919 681 2946 March
695 2919 769 2952 13th,
782 2921 854 2945 1414.

397 2989 408 3006 2
423 2985 654 3018 Cokerewelane,
673 2985 758 3013 alias
779 2986 1022 3018 Halveknyghtes
1045 2987 1123 3012 Lane
1146 2986 1220 3019 (Fol.
1239 2986 1367 3019 xxxvii),
1387 2986 1472 3013 alias
1492 2986 1582 3013 Small
1602 2986 1681 3012 Lane
1698 2985 1773 3017 (Fol.
1791 2985 1862 3010 xxix
1876 2985 1894 3010 b
1910 2984 1952 3017 (2)
1970 2983 1992 3017 )‚

316 3026 400 3053 alias
422 3026 654 3058 Braggeryslane
678 3026 752 3059 (Fol.
772 3027 899 3059 xxxvii),
920 3034 973 3052 ran
993 3028 1069 3052 from
1093 3027 1213 3059 English
1236 3027 1333 3053 Sti-eet
1350 3030 1382 3052 to
1401 3027 1513 3054 Fronch
1533 3027 1637 3059 street,
1650 3027 1706 3053 and
1725 3026 1896 3058 apparently
1915 3026 1992 3051 from

318 3068 429 3092 French
451 3068 545 3092 Sti-eet
567 3070 597 3093 to
618 3068 708 3098 Bugle
730 3068 833 3094 Street.
870 3068 1114 3101 Halveknyghtes
1133 3069 1212 3095 hane
1229 3069 1252 3095 is
1271 3069 1421 3095 identified
1441 3069 1477 3101 by
1496 3069 1602 3094 Davies
1615 3068 1687 3094 with
1701 3068 1750 3093 the
1763 3068 1828 3093 lane
1841 3067 1991 3097 bounding

316 3109 367 3136 the
381 3108 460 3135 West
473 3109 549 3139 Han,
563 3109 666 3141 whlch5
680 3110 837 3141 according
851 3112 881 3135 to
897 3110 947 3136 the
965 3116 1031 3142 map
1050 3111 1080 3135 ot
1100 3112 1171 3143 1611,
1192 3111 1215 3137 is
1236 3117 1252 3136 a
1273 3111 1479 3137 continuation
1501 3111 1531 3136 of
1553 3110 1649 3136 Broad
1669 3109 1765 3139 Lana:
1791 3109 1843 3134 but
1861 3109 1884 3134 1t
1901 3114 1992 3134 seems
