2212 3408
67 1017 143 1050 Fol.
160 1015 292 1049 xvm.

413 116 497 159 134
994 112 1087 142 THE
1121 109 1278 141 BLAcK
1312 110 1436 140 BOOK

989 394 1089 439 For.
1125 394 1258 438 Xvn
1294 394 1331 437 Β
1368 391 1445 450 (3).

409 526 779 581 Suthamptona.
844 520 970 567 And¹
999 523 1123 566 hanc
1156 522 1341 566 curiam
1371 524 1603 564 venerunt
1640 518 1815 576 prefati
1851 519 2091 575 Johannes

349 596 500 639 Benet
524 600 571 638 et
595 593 846 651 Margeria,
871 598 976 644 eto,
1012 597 1059 635 et
1092 591 1395 647 protulerunt
1428 589 1643 633 litteram
1673 589 2021 632 attornamenti
2047 593 2094 632 et

349 665 590 721 petierunt
613 663 855 706 irrotulari
880 662 1015 704 cuius
1048 665 1185 703 tenor
1216 660 1429 715 sequitur
1453 659 1501 701 in
1525 659 1612 701 hec
1634 657 1792 701 verba.
1859 657 2095 701 Noverint

350 733 558 777 universi
584 746 658 774 me
683 731 950 774 Johannem
975 729 1148 773 Benett
1172 728 1229 771 de
1254 728 1392 771 Botle
1410 727 1713 784 Armigerum
1736 732 1783 770 et
1811 726 2095 783 Margerinm

351 816 547 845 uxorem
589 815 748 844 meam
786 804 1053 842 attornasse
1094 803 1140 841 et
1178 797 1228 840 in
1264 797 1373 840 loco
1411 801 1574 840 nostro
1612 796 1824 852 posuisse
1862 796 2095 839 dilectum

351 870 490 914 nobis
523 871 571 912 in
607 869 800 913 Christo
822 867 1144 911 Willielmum
1171 865 1417 922 Salisbury
1442 865 1499 908 de
1523 864 1880 921 Suthamptona
1913 870 2094 909 attorn-

350 945 487 983 atum
540 944 756 982 nostrum
811 936 1085 995 generalem
1138 935 1200 979 ad
1254 934 1619 978 deliberandum
1674 935 1878 977 Johanni
1935 934 2097 978 Selder

350 1009 575 1066 burgensi
616 1007 730 1051 ville
769 1007 1122 1062 Suthamptone
1160 1005 1387 1048 seisinam
1427 1004 1476 1046 in
1520 1002 1750 1047 mediate2
1788 1004 1928 1047 unius
1966 1010 2094 1048 tene-

351 1078 502 1122 menti
547 1078 605 1121 de
650 1076 836 1121 duobus
880 1076 1020 1119 tectis
1062 1089 1247 1118 necnon
1293 1073 1557 1117 medietate
1593 1073 1723 1116 volte
1758 1072 1924 1117 subtus
1968 1073 2096 1117 idem

351 1152 681 1191 tenementum
720 1160 906 1189 necnon
944 1144 1192 1201 curtilagii
1234 1142 1438 1187 Gardini
1479 1148 1526 1185 et
1566 1141 1730 1186 Crofte
1769 1143 1927 1185 eidem
1966 1147 2094 1186 tene-

351 1222 515 1261 mento
538 1215 885 1273 pertinentium
909 1228 1067 1257 versus
1090 1213 1397 1269 aquilonem;
1436 1226 1622 1255 necnon
1646 1212 1708 1254 ad
1732 1211 2097 1255 deliberandum

353 1286 560 1330 Cristine
592 1285 729 1329 uxori
756 1283 1017 1341 Reginaldi
1045 1281 1224 1339 Taylor
1258 1287 1304 1325 et
1336 1281 1544 1325 Johanni
1572 1282 1795 1324 Hachard
1821 1281 1944 1324 alias
1967 1282 2099 1325 dicto

350 1355 571 1399 Tannere
614 1354 819 1398 alteram
858 1353 1174 1396 medietatem
1217 1351 1336 1394 dicti
1380 1351 1643 1394 tenementi
1683 1351 1814 1394 volte
1853 1351 2099 1408 curtilagii

353 1424 556 1469 Gardini
583 1430 629 1468 et
655 1422 819 1467 Crofte
843 1437 953 1466 cum
986 1422 1082 1465 suis
1117 1421 1441 1477 pertinenciis,
1466 1420 1727 1463 secundum
1754 1421 1869 1473 vim,
1893 1419 2100 1464 formam

353 1499 401 1538 et
434 1493 655 1537 effectum
689 1498 931 1536 cartarum
960 1496 1006 1535 et
1037 1490 1414 1541 relaxacionum,
1446 1488 1645 1545 prefatis
1682 1490 1890 1545 Johanni
1925 1490 2099 1543 Selder,

355 1563 564 1607 Cristine
592 1568 639 1606 et
662 1562 870 1619 Johanni
898 1560 1125 1604 Hachard
1159 1574 1240 1616 per
1273 1574 1359 1603 nos
1392 1558 1603 1615 prefatos
1636 1560 1903 1603 Johannem
1927 1559 2100 1603 Benett

354 1638 402 1677 et
446 1633 734 1690 Margeriam
777 1630 1016 1675 factarum
1071 1629 1130 1672 de
1183 1627 1383 1685 prefatis
1435 1628 1781 1672 medietatibus
1835 1630 2099 1673 tenementi

354 1702 486 1746 volte
511 1701 772 1758 Curtilagii
799 1699 1004 1745 Gardini
1029 1704 1076 1743 et
1101 1697 1265 1742 Crofte
1298 1703 1440 1754 prout
1473 1698 1661 1754 plenius
1687 1703 1824 1754 patet
1848 1699 1895 1741 in
1920 1698 2100 1742 eisdem

354 1772 558 1828 scriptis.
625 1771 809 1814 Dantes
833 1775 881 1813 et
910 1768 1228 1813 concedentes
1258 1767 1415 1811 eidem
1439 1772 1687 1811 attornato
1722 1773 1884 1811 nostro
1906 1768 2102 1824 plenam

354 1846 648 1899 potestatem
682 1840 848 1883 omnia
882 1839 1099 1895 predicta
1132 1837 1343 1881 faciendi
1376 1839 1555 1880 Ratun]
1587 1843 1634 1880 et
1662 1842 1853 1894 gratum
1888 1837 2100 1881 habituri

357 1910 588 1967 quicquid
628 1910 757 1953 idem
796 1908 1082 1953 Attornatus
1121 1912 1280 1950 noster
1317 1905 1431 1950 fecit
1470 1907 1517 1949 in
1557 1906 1798 1962 premissis
1840 1921 1897 1949 ac
1940 1907 1979 1950 si
2017 1922 2103 1950 nos

356 1979 530 2037 prefati
554 1980 794 2036 Johannes
819 1978 991 2022 Benett
1022 1982 1069 2021 et
1098 1976 1332 2034 Margeria
1367 1976 1413 2018 in
1449 1977 1653 2032 propriis
1686 1977 1898 2032 personis
1930 1976 2104 2020 nostris

358 2051 703 2093 interessemus.
786 2049 836 2091 In
890 2047 1026 2091 cuius
1079 2046 1144 2090 rei
1201 2046 1535 2089 testimonium
1587 2044 1887 2102 presentibus
1939 2045 2103 2103 sigilla

356 2125 520 2163 nostra
563 2118 888 2175 apposuimus.
969 2116 1098 2159 Data
1138 2120 1310 2171 quarto
1355 2114 1545 2158 decimo
1589 2114 1668 2158 die
1707 2114 1921 2158 Januarii
1961 2113 2102 2158 Anno

357 2188 489 2245 regni
537 2187 685 2245 Regis
732 2186 926 2230 Henrici
973 2185 1133 2241 quarti
1179 2185 1329 2228 tercio
1373 2181 1595 2227 decimo.3
1680 2182 1868 2242 Quibus
1906 2184 2104 2240 quidem

359 2258 505 2302 cartis
552 2256 780 2314 predictis
827 2257 874 2299 in
924 2255 1057 2299 curia
1101 2254 1318 2311 predicta
1363 2253 1501 2308 plene
1545 2253 1673 2306 visis,
1719 2258 1824 2306 etc.‚
1871 2254 2106 2311 Margeria

360 2342 443 2385 per
474 2341 521 2371 se
555 2326 672 2379 sola,
701 2331 805 2379 etc.‚
835 2324 1131 2376 examinata,
1167 2327 1270 2376 etc.‚
1305 2321 1484 2366 fatetur
1506 2323 1777 2380 predictum
1801 2322 1985 2367 factum
2008 2337 2106 2367 esse

360 2397 545 2441 factum
577 2411 729 2449 suum,
761 2399 865 2448 etc„
901 2398 948 2437 et
980 2393 1105 2450 petit
1139 2391 1261 2436 illud
1291 2392 1548 2445 irrotulari,
1577 2397 1681 2446 eto,
1706 2392 1755 2436 in
1779 2392 2106 2436 exclusionem

360 2466 477 2523 juris
515 2465 586 2509 sui
627 2469 674 2508 et
711 2463 937 2508 heredum
978 2476 1172 2506 suorum
1210 2462 1259 2504 in
1297 2467 1581 2519 perpetuum
1621 2467 1668 2506 et
1711 2476 1989 2506 concessum
2038 2467 2107 2506 est

364 2536 422 2589 ei,
448 2540 536 2579 etc.

483 2846 491 2865 1
508 2844 569 2871 Sic.
605 2843 795 2874 Presumably
807 2849 825 2867 a
836 2842 963 2867 mistake
976 2842 1022 2867 for
1039 2841 1127 2867 “ad''

482 2912 493 2931 2
509 2911 568 2937 Sic.
605 2911 650 2935 No
662 2910 751 2935 doubt
765 2916 781 2934 a
793 2909 848 2940 slip
862 2909 891 2933 of
904 2908 956 2934 the
969 2915 1023 2940 pon
1037 2909 1082 2934 for
1101 2908 1116 2920 ‘⁶
1127 2907 1308 2934 medietate.''
