2212 3408
83 1546 160 1581 Fol.
184 1546 280 1580 xlv.

397 98 481 141 108
974 110 1069 141 THE
1104 110 1260 142 BLACK
1295 110 1420 142 BOOK

832 277 934 323 Fol.
969 277 1082 322 XIII
1118 278 1156 322 Β
1191 276 1254 336 (2)
1292 276 1576 336 (continued).

328 389 444 434 ville
474 389 702 447 predicte,
727 388 919 435 Thoma
943 390 1076 434 Belle
1105 390 1414 434 Seneschallo
1448 395 1495 434 et
1528 390 1745 447 Johanne
1774 392 1870 448 Bye
1902 391 2080 437 clerico

327 456 461 503 villel
503 459 718 516 predicte
761 465 808 504 et
853 460 1020 504 multis
1068 460 1192 504 aliis.
1281 460 1413 504 Data
1461 460 1693 504 vicesimo
1747 461 1957 505 secundo
2000 462 2079 506 die

326 526 564 586 Januarii2
606 528 747 573 Anno
789 530 923 587 regni
974 530 1099 587 regis
1155 529 1351 573 Henrici
1407 530 1567 586 quarti
1611 534 1720 586 post
1761 535 2080 587 conquestum

326 597 503 656 Anglie
542 598 815 642 undecimo.
884 597 995 657 Qua
1034 599 1231 656 quidem
1270 604 1405 642 carta
1445 598 1638 656 publice
1677 599 1727 643 in
1765 600 1898 644 curia
1937 600 2078 653 lecta,

327 672 432 720 etc.,
471 666 755 724 prefataque
798 667 1023 711 Johanna
1066 682 1150 724 per
1191 682 1239 712 se
1278 668 1382 712 sola
1421 668 1718 722 examinata,
1758 674 1862 723 etc„
1902 668 2082 714 fatetur

326 741 513 780 cartam
556 736 828 793 predictam
871 750 968 780 esse
1014 735 1199 781 factum
1248 752 1401 791 suum,
1446 742 1535 781 etc.
1624 737 1684 781 Et
1725 739 1852 795 petit
1893 744 2080 783 cartam

325 806 594 863 predictam
639 805 899 849 inbreviari
944 805 994 848 in
1037 807 1283 850 communi
1338 821 1520 864 papera
1562 808 1824 852 secundum
1872 807 2080 853 formam

325 875 673 933 recognitionis
707 880 754 919 et
790 875 1045 920 voluntate
1078 890 1173 930 sue,
1207 877 1472 921 secundum
1504 878 1918 932 consuetudinem,
1955 876 2079 931 etc.‚3

327 945 375 988 in
410 945 608 1002 plenam
646 944 974 989 exclusionem
1008 944 1126 1002 juris
1160 960 1242 990 sue
1286 946 1610 1003 heredumque
1653 961 1848 991 suorum
1887 948 1935 991 in
1974 962 2075 1005 per-

325 1019 539 1072 petuum.
618 1014 677 1058 Et
721 1029 861 1072 super
898 1015 991 1059 hoc
1030 1015 1182 1059 libera
1220 1030 1446 1061 concessa
1485 1020 1555 1059 est
1598 1016 1775 1060 seisina
1817 1017 2079 1062 secundum

325 1084 740 1137 consuetudinem,
775 1082 884 1128 etc.3

786 1427 1110 1486 [Transcribed
1143 1430 1236 1474 and
1268 1429 1621 1488 Summarised]

386 1539 480 1585 4Ad
523 1541 727 1585 eandem
770 1542 954 1586 curiam
993 1557 1080 1599 pro
1123 1542 1296 1586 maiori
1343 1542 1601 1587 securitate
1640 1541 1829 1599 prefato
1866 1542 2075 1601 Johanni

327 1610 527 1655 Estwell
563 1611 612 1654 in
647 1616 782 1655 carta
815 1613 1142 1669 suprascripta
1179 1612 1435 1656 nominato
1470 1627 1556 1669 pro
1594 1612 1781 1657 duabus
1818 1612 1989 1670 stagiis
2027 1613 2076 1656 in

325 1685 461 1724 carta
512 1680 731 1737 predicta
784 1681 1026 1725 contentis
1078 1680 1316 1734 facienda,
1367 1686 1599 1726 venerunt
1641 1680 1818 1739 prefati
1862 1680 2078 1726 Thomas

326 1750 634 1808 Midlyngton
673 1755 720 1795 et
762 1750 982 1795 Johanne
1025 1766 1146 1795 uxor
1184 1751 1285 1795 eius
1324 1756 1371 1795 et
1413 1753 1657 1809 petierunt
1695 1752 1931 1796 maiorem
1973 1766 2075 1809 pre—

325 1820 511 1864 dictum
535 1825 582 1864 et
606 1820 824 1865 Ballivos
854 1821 1102 1878 quandam
1137 1826 1326 1865 cartam
1361 1836 1444 1878 per
1478 1836 1626 1879 quam
1663 1820 1838 1879 prefati
1862 1820 2078 1865 Thomas

325 1895 373 1934 et
396 1891 418 1933 J
423 1891 611 1934 ohanne
633 1890 876 1947 predictas
899 1891 1019 1935 duas
1041 1891 1225 1949 stagias
1247 1905 1398 1947 nuper
1427 1891 1811 1948 perquisiverunt
1835 1891 2077 1936 irrotulari

326 1959 375 2003 in
412 1960 500 2004 hec
538 1959 698 2004 verba.
765 1959 932 2004 Sciant
970 1966 1212 2017 presentes
1255 1964 1303 2004 et
1347 1959 1495 2005 futuri
1535 1961 1665 2018 quod
1709 1974 1799 2018 ego
1840 1959 2077 2005 Ricardus

326 2028 568 2087 Godefrey
611 2029 859 2088 burgensis
902 2030 1019 2075 ville
1062 2031 1432 2087 Suthamptone,
1471 2029 1599 2075 filius
1637 2035 1685 2074 et
1722 2031 1855 2074 heres
1900 2030 2075 2087 Rogeri

325 2097 568 2153 Godefrey
591 2104 639 2143 et
671 2099 935 2144 Petronille
963 2100 1126 2144 uxoris
1159 2100 1274 2153 eius,
1298 2099 1397 2144 filie
1420 2105 1468 2144 et
1491 2100 1680 2144 heredis
1701 2099 1936 2143 Johannis
1965 2098 2079 2143 Bolt

324 2167 573 2226 burgensis
616 2169 735 2213 dicti
780 2169 896 2213 ville
941 2170 1067 2224 dedi,
1112 2175 1217 2222 etc.,
1261 2168 1448 2214 Thome
1499 2169 1808 2227 Midlyngton
1851 2168 2076 2226 burgensi

324 2238 441 2282 ville
463 2237 677 2295 predicte
701 2243 750 2282 et
771 2238 991 2283 Johanne
1023 2239 1161 2283 uxori
1196 2239 1297 2283 eius
1331 2238 1578 2296 quandam
1613 2238 1836 2296 placeam
1869 2252 2077 2282 vacuam

323 2306 567 2363 jacentem
590 2307 639 2350 in
663 2306 1097 2352 Bovebarrestrete5
1129 2308 1177 2351 in
1200 2308 1427 2352 orientali
1451 2313 1589 2365 parte
1613 2308 1709 2352 vici
1732 2308 1857 2351 inter
1878 2307 2078 2364 cotagia

323 2377 496 2433 prioris
534 2381 582 2420 et
618 2382 883 2421 conventus
921 2378 1085 2422 Sancti
1121 2377 1332 2421 Dionisii
1368 2392 1425 2421 ex
1460 2382 1663 2434 utraque
1700 2382 1852 2434 parte,
1886 2377 2073 2421 contin-

324 2450 486 2490 entem
530 2446 579 2489 in
623 2446 932 2504 longitudine
976 2452 1183 2504 quatuor
1231 2447 1407 2505 viginti
1459 2452 1507 2491 et
1557 2452 1669 2491 octo
1719 2446 1878 2504 pedes,
1922 2450 1971 2490 et
2025 2446 2076 2489 in

324 2515 586 2560 latitudine
629 2516 965 2560 novemdecim
1009 2516 1154 2574 pedes
1197 2516 1383 2574 regales
1421 2531 1531 2561 cum
1570 2516 1792 2569 dimidio,
1831 2530 1929 2560 una
1965 2529 2076 2560 cum

325 2585 539 2643 quodam
562 2583 780 2630 Gardino
819 2591 976 2630 aretro
1014 2586 1199 2630 dictam
1237 2586 1461 2643 placeam
1495 2585 1688 2642 jacente
1716 2590 1765 2630 et
1787 2584 2076 2630 extendente

325 2655 375 2699 in
404 2654 712 2713 longitudine
733 2668 882 2712 usque
908 2669 1138 2713 campum
1164 2660 1395 2700 vocatum
1417 2655 1700 2714 hogeslond,
1725 2659 1773 2699 et
1796 2654 2076 2699 continente

440 2826 449 2847 l
469 2825 562 2853 Town
583 2824 687 2853 Clark.
728 2826 863 2852 Mention
884 2827 908 2852 is
929 2827 1014 2852 made
1031 2827 1062 2852 ot
1080 2827 1140 2853 this
1159 2827 1347 2858 functionary
1367 2833 1398 2852 as
1415 2827 1496 2858 early
1510 2832 1541 2851 as
1554 2826 1618 2852 1315
1631 2826 1759 2856 (Davies,
1776 2824 1863 2852 Hist.
1882 2824 1921 2857 of
1932 2824 2043 2852 South-

359 2867 499 2899 ammon,
511 2873 537 2899 p.
551 2866 627 2899 186).
668 2867 713 2893 He
732 2874 794 2893 was
811 2867 922 2893 elected
941 2869 1084 2900 annually
1103 2867 1186 2900 (Oak
1204 2867 1300 2898 Book,
1318 2867 1382 2893 Vol.
1395 2867 1417 2899 Ι,
1436 2867 1504 2893 Ord.
1517 2867 1573 2899 32),
1585 2867 1644 2893 and
1656 2867 1685 2892 in
1700 2867 1765 2892 1457
1778 2866 1909 2892 mention
1921 2866 1945 2891 is
1959 2866 2044 2892 made

358 2908 389 2933 of
407 2908 451 2934 his
468 2910 627 2940 payment;
653 2908 689 2934 he
701 2915 761 2935 was
773 2910 805 2935 to
817 2909 930 2935 receive
943 2909 981 2935 ,125
996 2916 1012 2935 a
1030 2915 1101 2941 year
1119 2910 1177 2935 and
1194 2909 1276 2935 cloth
1294 2909 1341 2934 for
1358 2916 1375 2935 a
1393 2915 1479 2941 gown
1498 2908 1627 2940 (Speed’s
1645 2907 1733 2935 Haase.
1752 2907 1791 2940 os
1803 2907 2044 2940 Southamptom

359 2956 385 2981 p.
411 2949 470 2982 52).
521 2949 615 2976 There
638 2950 670 2981 le,
693 2951 850 2983 curtously,
875 2957 914 2976 no
937 2951 1061 2976 dlstinct
1084 2951 1218 2977 mention
1243 2951 1273 2977 of
1301 2951 1352 2976 the
1377 2950 1458 2976 office
1484 2951 1512 2976 ln
1536 2950 1586 2975 the
1609 2949 1748 2975 Charters
1771 2949 1818 2974 till
1845 2948 1895 2975 the
1918 2949 1990 2975 time
2013 2948 2044 2974 of

359 2990 476 3017 Chai-les
488 2991 518 3017 11
530 2992 581 3022 (H.
595 2991 636 3017 W.
649 2991 770 3024 Gidden‚
787 2992 941 3020 Oharters
960 2993 999 3025 of
1012 2992 1253 3026 Southampton‚
1268 2993 1332 3018 Vol.
1346 2993 1368 3024 Ι,
1381 2999 1407 3024 p.
1419 2992 1522 3023 xxm).

439 3059 451 3078 2
466 3058 484 3084 J
487 3064 600 3090 anuary
618 3058 701 3090 22nd,
720 3059 793 3085 1110.
828 3058 897 3085 This
913 3060 937 3086 is
954 3066 972 3085 a
990 3066 1062 3092 very
1073 3060 1190 3086 curlous
1206 3059 1405 3091 irregularity,
1418 3059 1495 3085 since
1508 3059 1533 3084 ic
1546 3057 1645 3084 would
1657 3063 1734 3084 seem
1748 3064 1778 3083 as
1792 3057 1813 3082 if
1827 3056 1879 3083 the
1893 3056 1965 3082 deed
1979 3063 2040 3083 was

361 3100 502 3125 executed
515 3100 592 3126 after
604 3101 629 3125 it
641 3107 702 3126 was
714 3101 775 3126 laid
789 3101 889 3127 before
902 3101 952 3126 the
965 3104 1050 3127 court
1063 3103 1068 3126 1
1105 3102 1236 3133 Possibly
1249 3101 1300 3127 the
1319 3101 1476 3127 “vicesimo
1486 3100 1500 3110 ¹·
1519 3101 1543 3125 is
1556 3107 1571 3125 a
1585 3105 1664 3125 mere
1684 3099 1808 3125 mistake
1828 3099 1857 3124 of
1878 3099 1928 3124 the
1945 3099 2046 3130 scribe,

361 3141 419 3166 and
433 3140 482 3165 the
495 3140 563 3166 date
575 3140 680 3167 should
695 3141 729 3167 be
741 3141 876 3173 Janua1·y
889 3143 954 3168 2nd.
