2212 3408
43 2003 119 2036 Fol.
143 2002 226 2036 xm
239 2003 280 2036 B.

364 111 447 141 112
945 109 1040 139 THE
1073 108 1232 139 BLACK
1264 108 1391 139 BOOK

891 243 992 288 Fol.
1027 242 1142 287 XIV
1177 239 1462 301 (continued).

298 323 395 367 suis
416 322 728 379 pertinenciis
757 336 814 366 ac
843 322 1135 366 reversiones
1163 336 1274 365 curn
1303 320 1583 373 acciderint,
1606 319 1836 376 predictis
1858 317 2046 363 Thorne

298 398 345 437 et
389 393 605 437 Johanne
647 391 903 436 heredibus
945 396 992 435 et
1038 391 1299 448 assignatis
1353 389 1502 446 ipsius
1544 386 1794 445 Johanne,1
1838 393 1943 442 etc.,
1988 389 2046 433 de

296 462 593 519 capitalibus
627 461 839 506 dominis
876 460 1004 505 feodi
1046 460 1178 504 illius
1215 474 1297 516 per
1335 459 1538 503 servicia
1576 458 1688 502 inde
1726 457 1907 511 debita,
1941 463 2046 512 etc.,

296 533 667 589 imperpetuum.
735 530 795 574 Et
831 544 921 587 ego
958 530 1203 586 predictus
1235 528 1472 573 Ricardus
1495 527 1736 585 Godefrey
1772 533 1820 571 et
1853 528 2049 571 heredes

296 601 389 645 mei
415 601 582 645 omnia
605 600 823 657 predicta
850 599 1045 656 placeas
1067 613 1259 651 vacuas,
1284 598 1582 655 skelyngam‚
1607 597 1834 651 redditus,
1858 598 2047 654 shopas‚

296 676 400 723 etc.,
425 685 482 714 ac
509 670 812 721 reversiones,
845 674 950 721 etc.,
981 668 1211 724 predictis
1240 666 1428 711 Thome
1459 672 1506 711 et
1539 668 1771 723 Johanne,
1795 666 2048 711 heredibus

296 745 343 783 et
382 739 641 795 assignatis
680 738 828 794 ipsius
866 738 1084 780 Johanne
1117 741 1286 781 contra
1320 751 1485 780 omnes
1519 742 1685 794 gentes
1722 736 2045 780 warantizab-

297 810 433 862 imus,
454 814 559 861 etc.,
579 808 948 864 imperpetuum.
1006 806 1057 849 In
1081 807 1216 850 cuius
1249 806 1315 849 rei
1348 806 1683 850 testimonium
1704 806 1818 849 huic
1840 807 2047 863 presenti

295 884 426 923 carte
460 893 564 922 mee
595 877 812 934 sigillum
850 890 1013 920 meum
1048 876 1267 932 apposui.
1334 874 1395 919 Et
1430 875 1492 919 ad
1532 875 1767 919 maiorem
1804 876 1946 920 huius
1980 876 2047 920 rei

295 949 606 992 securitatem
660 946 937 990 faciendam
991 945 1210 1002 sigillum
1264 945 1532 988 maioratus
1585 945 1713 988 dicte
1767 944 1884 988 ville
1936 945 2049 989 huic

295 1017 476 1075 apponi
521 1015 789 1073 procuravi.
874 1015 981 1058 Hiis
1025 1014 1228 1058 testibus
1270 1015 1489 1070 Johanne
1530 1013 1665 1058 Flete
1709 1019 1823 1058 tunc
1866 1014 2049 1058 maiore

296 1087 425 1131 dicte
468 1086 584 1130 ville
628 1086 997 1142 Suthamptone‚
1043 1084 1254 1128 Ricardo
1299 1083 1563 1141 Bradevvey
1605 1083 1791 1127 ballivo
1835 1084 2048 1128 eiusdem

295 1156 427 1209 ville,
453 1155 663 1200 Henrico
696 1155 932 1211 Holevvey
962 1152 1239 1197 Senescallo
1267 1152 1463 1206 ibidem,
1489 1152 1732 1197 Nicholao
1761 1153 2050 1211 Langstoke‚

295 1226 512 1269 Waltero
549 1225 729 1282 Lange,
754 1224 970 1267 Johanne
1006 1223 1294 1276 Penkeston‚
1327 1223 1543 1267 Johanne
1577 1222 1770 1266 Boteler
1803 1229 1850 1267 et
1883 1223 2051 1267 multis

295 1295 419 1339 aliis.
518 1294 650 1338 Data
703 1293 834 1350 apud
888 1292 1301 1350 Suthamptonam
1362 1293 1409 1336 in
1464 1291 1587 1336 festo
1640 1291 1806 1336 Sancti
1860 1291 2049 1336 Thorne

294 1364 534 1422 Apostoli,
574 1378 704 1407 anno
747 1363 881 1420 regni
925 1362 1051 1420 regis
1096 1361 1293 1406 Ricardi
1339 1362 1535 1406 secundi
1574 1362 1805 1406 vicesimo
1843 1360 2045 1419 primo²z

295 1433 645 1491 quamquidem
683 1437 870 1476 cartam
902 1431 1024 1476 bene
1057 1432 1213 1476 visam
1248 1436 1295 1475 et
1333 1431 1639 1475 intellectam
1673 1436 1720 1475 et
1752 1446 1838 1488 pro
1873 1432 2047 1476 maiori

295 1504 552 1547 securitate
584 1502 940 1558 transcriptam,
966 1500 1180 1558 prefatus
1214 1501 1370 1544 maior
1404 1500 1570 1558 sigillo
1605 1499 1751 1544 officii
1776 1501 1845 1545 sui
1871 1502 2046 1545 maior-

296 1578 405 1617 atus
428 1573 543 1616 ville
573 1573 926 1628 Suthamptone
962 1571 1201 1628 sigillavit
1231 1571 1463 1614 vicesimo
1498 1570 1707 1614 secundo
1731 1570 1808 1614 die
1832 1571 2047 1615 Januarii

297 1642 427 1699 apud
450 1643 858 1698 Suthamptonam
888 1640 1157 1697 predictam
1186 1655 1314 1683 anno
1347 1640 1480 1697 regni
1512 1640 1637 1696 regis
1661 1640 1855 1683 Henrici
1888 1642 2047 1697 quarti

298 1717 407 1769 post
429 1717 745 1768 conquestum
769 1710 944 1767 Anglie
967 1707 1258 1754 undecimo.3

757 1904 1078 1962 [Tmafzscribed
1111 1905 1204 1948 and
1237 1902 1586 1961 Summarised]

360 1992 732 2048 Suthamptona.
812 1990 959 2035 Curia
1015 1991 1200 2034 domini
1259 1990 1408 2048 Regis
1459 1995 1593 2034 tenta
1649 1991 1830 2035 ibidem
1885 2007 2048 2036 coram

299 2063 515 2118 Johanne
562 2061 744 2118 Beneyt
789 2061 971 2104 maiore
1016 2060 1132 2103 ville
1175 2060 1405 2116 predicte,
1450 2061 1666 2104 Johanne
1719 2062 1951 2105 Maschall
2003 2068 2049 2106 et

299 2131 490 2175 Thoma
536 2130 760 2174 Armorer
813 2130 995 2173 ibidem
1052 2129 1256 2173 Ballivis
1310 2129 1388 2173 die
1443 2130 1612 2173 martis
1665 2131 1887 2186 proximo
1940 2137 2049 2188 post

297 2200 473 2245 festum
517 2199 753 2244 Omnium
797 2199 1084 2243 Sanctorum
1128 2198 1270 2242 Anno
1327 2198 1484 2256 Regni
1542 2199 1690 2256 Regis
1743 2199 1939 2244 Henrici
1986 2200 2049 2244 IV

297 2268 589 2314 undecimof*

360 2364 436 2408 Ad
480 2365 623 2408 istam
677 2363 863 2407 curiam
917 2368 1149 2407 venerunt
1204 2363 1372 2407 Petrus
1427 2363 1570 2407 Peras
1623 2362 1880 2420 Burgensis
1932 2365 2048 2409 ville

300 2435 652 2490 Suthamptone
692 2437 738 2476 et
772 2432 933 2475 Alicia
967 2446 1085 2476 uxor
1124 2433 1225 2476 eius
1263 2447 1414 2489 nuper
1445 2447 1565 2476 uxor
1598 2432 1833 2477 Johannis
1868 2433 2048 2491 Bigard

303 2503 557 2560 Burgensis
591 2502 708 2545 ville
743 2502 956 2558 predicte
996 2507 1043 2545 et
1080 2502 1397 2558 protulerunt,
1438 2507 1542 2555 etc.,
1579 2503 1826 2558 quandam
1861 2509 2048 2547 cartam

301 2571 598 2616 feoffamenti
635 2571 771 2615 cuius
811 2577 947 2615 tenor
979 2572 1207 2627 sequitur,
1243 2577 1330 2615 etc.
1410 2570 1647 2615 Noverint
1676 2573 1884 2616 universi
1919 2573 2048 2629 quod

301 2657 411 2686 curn
469 2643 710 2698 Johannes
769 2640 948 2698 Bigard
1008 2656 1157 2697 nuper
1215 2640 1471 2698 Burgensis
1524 2641 1640 2684 ville
1694 2640 2047 2698 Suthamptone

301 2711 445 2755 simul
488 2726 599 2754 cum
642 2711 754 2754 aliis
797 2710 995 2754 diversis
1039 2711 1329 2754 tenementis
1381 2711 1478 2754 suis
1532 2711 1580 2753 in
1627 2716 1920 2754 testamento
1962 2726 2048 2755 suo

302 2781 487 2837 legavit
522 2780 769 2837 quoddam
805 2785 1136 2823 tenementum
1172 2794 1311 2823 suum
1348 2780 1395 2822 in
1432 2779 1602 2823 eadem
1635 2779 1756 2823 villa
1789 2780 1931 2823 vendi
1965 2795 2049 2837 per

304 2856 580 2893 executores
621 2864 743 2903 suos,
778 2850 908 2906 quod
942 2864 1034 2906 que
1068 2854 1399 2893 tenementum
1442 2863 1552 2893 curn
1597 2850 1909 2905 pertinenciis
1950 2849 2048 2893 suis

304 2920 538 2963 situatum
582 2925 652 2963 est
697 2920 744 2962 in
789 2919 959 2962 eadem
1003 2919 1122 2962 villa
1168 2919 1216 2961 in
1260 2919 1370 2962 vico
1416 2917 1672 2962 Francisco
1720 2918 1769 2961 in
1814 2919 2047 2974 parochia

418 3037 428 3056 1
445 3036 513 3061 This
524 3037 628 3067 clause,
640 3036 678 3067 by
691 3035 786 3061 which
799 3035 851 3061 the
861 3037 950 3067 grant
962 3036 1085 3061 extends
1097 3038 1129 3061 to
1141 3035 1191 3062 the
1204 3035 1281 3062 heirs
1293 3036 1325 3062 ot
1336 3034 1387 3061 the
1398 3035 1483 3068 wzfe,
1495 3036 1547 3061 not
1559 3034 1610 3061 the
1622 3034 1764 3066 husband,
1776 3035 1801 3060 is
1815 3034 1846 3060 of
1858 3041 1930 3067 very
1947 3041 2014 3061 rare

337 3083 510 3103 occurrence
522 3084 629 3109 among
642 3077 694 3103 the
706 3077 793 3103 deeds
805 3078 834 3102 iu
847 3076 899 3103 the
912 3077 1001 3104 Black
1014 3077 1105 3104 Book.

417 3128 429 3149 2
443 3127 601 3153 December
612 3128 681 3159 met,
693 3128 764 3154 1397.
