2212 3408
71 307 146 340 Fol.
170 306 221 340 IX
237 306 276 339 B.

372 126 427 181 78
955 135 1047 164 THE
1082 134 1239 164 BLACK
1274 133 1399 163 BOOK

371 306 697 361 Suthampton
732 303 865 348 curia
910 302 1091 346 ibidem
1130 307 1266 346 tenta
1304 315 1466 345 coram
1512 298 1702 343 Thoma
1748 298 2051 357 Midlyngton

312 381 425 419 tunc
455 375 639 418 ibidem
678 374 874 425 maiore,
906 372 1123 430 Johanne
1161 370 1318 427 Cosyn
1360 375 1406 413 et
1445 369 1663 413 Johanne
1702 365 1902 425 Beneyt1
1940 373 2056 412 tunc

312 444 491 489 ibidem
539 444 742 487 Ballivis
785 443 862 485 die
908 441 1072 484 Martis
1116 441 1162 483 in
1207 440 1476 496 septimane
1517 438 1697 481 Pasche
1737 436 1877 480 Anno
1920 438 2052 494 regni

309 515 434 572 regis
460 513 655 557 Henrici
680 512 838 569 quarti
863 511 1049 568 quinto,
1074 507 1181 553 etc.2

372 625 446 669 Ad
475 626 601 668 hanc
632 624 816 666 curiam
847 626 1079 664 venerunt
1116 634 1280 664 coram
1315 618 1514 675 prefatis
1549 619 1731 661 maiore
1767 624 1814 662 et
1851 617 2055 661 Ballivis

311 696 358 738 in
403 695 547 751 plena
591 693 723 736 curia
762 691 1004 734 Johannes
1044 689 1324 732 Pakenham
1364 695 1409 731 et
1449 688 1670 731 Johanna
1708 701 1827 730 uxor
1865 687 1966 730 eius
2006 687 2053 729 in

310 764 513 821 propriis
567 761 780 818 personis
833 760 928 803 suis
971 765 1017 802 et
1061 759 1363 814 protulerunt
1418 763 1531 800 tunc
1580 756 1764 799 ibidem
1807 758 2053 812 quandam

309 833 661 876 relaxationem
693 831 791 873 sive
825 829 1056 884 scriptum
1088 827 1404 870 relaxationis
1436 826 1571 868 cuius
1600 831 1733 869 tenor
1762 826 1976 881 sequitur
2006 826 2054 868 in

310 904 396 945 hec
430 901 588 945 verba.
655 899 894 944 Omnibus
929 897 1107 941 Christi
1143 896 1365 939 fidelibus
1397 910 1587 952 presens
1620 896 1850 951 scriptum
1888 895 2056 938 visuris

310 972 386 1015 vel
425 970 663 1014 audituris
700 968 942 1027 Johannes
982 967 1264 1010 Falx-enham
1311 971 1357 1008 et
1403 965 1625 1009 Johanna
1668 979 1787 1008 uxor
1825 965 1926 1008 eius
1963 978 2054 1020 que

310 1041 403 1085 fuit
440 1055 560 1084 uxor
602 1039 794 1082 Henrici
839 1038 1041 1080 Machon
1081 1050 1230 1092 nuper
1267 1035 1514 1092 burgensis
1553 1035 1667 1077 ville
1703 1033 2055 1090 Suthamptone

310 1111 517 1154 salutem
589 1110 636 1151 in
711 1108 910 1150 domino
983 1102 1360 1161 sempiternam.3
1460 1102 1705 1147 Noveritis
1781 1117 1879 1155 nos,
1950 1107 2054 1155 etc.‚

311 1180 511 1223 omnino
549 1192 634 1235 pro
672 1177 810 1220 nobis
848 1183 895 1220 et
932 1175 1186 1219 heredibus
1223 1175 1395 1217 nostris
1440 1174 1794 1229 imperpetuum
1837 1173 2055 1229 quietum

311 1251 545 1293 clamasse
594 1247 781 1291 Thome
830 1246 1051 1289 Armorer
1098 1244 1321 1300 burgensi
1379 1243 1494 1286 ville
1545 1242 1899 1298 Suthamptone
1952 1256 2052 1298 pre-

312 1320 439 1363 dicte
485 1324 531 1362 et
577 1317 776 1361 Isabelle
823 1316 959 1359 uxori
1006 1316 1106 1358 eius
1151 1319 1308 1357 totum
1351 1312 1425 1369 jus
1468 1318 1683 1355 nostrum
1723 1318 1770 1355 et
1814 1312 2055 1355 clameum

312 1389 439 1445 quod
483 1387 730 1439 habemus,
775 1392 879 1437 etc„
926 1386 973 1427 in
1018 1399 1114 1428 uno
1159 1383 1422 1440 mesuagio,
1468 1388 1572 1433 etc,
1617 1382 1800 1425 situato
1846 1381 1892 1423 in
1937 1381 2056 1424 villa

312 1458 669 1513 Sutharnptona
702 1456 919 1512 predicta
955 1455 1004 1497 in
1039 1454 1149 1497 vico
1182 1453 1390 1509 Anglico
1431 1453 1477 1495 in
1519 1451 1743 1495 orientali
1784 1455 1920 1507 parte
1958 1451 2053 1493 vici

313 1529 436 1571 inter
479 1526 780 1582 mesuagium
825 1539 974 1580 nuper
1016 1523 1249 1567 Johannis
1291 1520 1479 1578 Hayne4
1518 1536 1574 1564 ex
1619 1526 1754 1577 parte
1793 1520 1967 1563 boriali
2009 1526 2056 1564 et

311 1612 459 1641 unum
484 1597 784 1652 mesuagium
810 1595 939 1651 quod
966 1593 1230 1649 Rennekyn
1254 1591 1443 1634 Taillor
1479 1591 1624 1634 modo
1662 1595 1792 1633 tenet
1828 1604 1885 1633 ex
1921 1595 2056 1646 parte

312 1667 540 1717 australi;
580 1665 737 1720 capud
763 1678 872 1707 vero
896 1663 1198 1706 occidentale
1231 1661 1446 1704 extendit
1477 1675 1524 1704 se
1565 1661 1612 1702 in
1649 1661 1779 1702 viam
1804 1660 1986 1716 regiam
2011 1665 2058 1702 et

311 1736 469 1792 capud
512 1734 746 1778 orientale
791 1732 1010 1775 extendit
1054 1746 1100 1774 se
1144 1746 1282 1787 super
1324 1730 1557 1786 parietem
1604 1729 1731 1772 dicte
1776 1729 1905 1772 ville.
1985 1729 2057 1771 lta

312 1806 440 1862 quod
480 1818 565 1847 nos
602 1803 806 1860 predicti
845 1802 1088 1846 Johannes
1127 1801 1407 1843 Pakenham
1446 1805 1493 1842 et
1531 1798 1752 1842 Johanna
1792 1812 1911 1841 uxor
1948 1812 2056 1841 mea

312 1890 398 1919 nec
440 1874 636 1918 heredes
678 1873 827 1915 nostri
873 1885 959 1914 nec
1002 1870 1180 1926 aliquis
1223 1870 1348 1912 alius
1392 1869 1586 1912 nomine
1633 1873 1795 1911 nostro
1838 1867 2055 1924 aliquam

312 1945 556 1988 actionem
589 1942 705 1999 juris
734 1942 811 1984 vel
837 1941 1012 1984 clamei
1039 1940 1086 1982 in
1112 1939 1329 1995 predicto
1354 1938 1604 1994 mesuagio
1628 1952 1736 1980 cum
1761 1937 1856 1980 suis
1878 1937 2055 1993 pertin·

312 2014 461 2058 enciis
485 2014 541 2057 de
565 2018 723 2056 cetero
747 2011 937 2068 exigere
961 2010 1037 2053 vel
1061 2009 1315 2053 vendicare
1347 2007 1611 2064 poterimus
1634 2007 1953 2063 quovismodo
1977 2006 2057 2050 sed

312 2083 373 2127 ab
408 2083 538 2127 omni
574 2082 766 2125 actione
799 2080 916 2137 juris
939 2085 986 2122 et
1009 2079 1184 2122 clamei
1209 2092 1370 2121 sumus
1395 2077 1574 2120 exclusi
1600 2077 1953 2132 imperpetuum
1976 2091 2060 2133 per

311 2159 563 2209 presentes.
631 2151 689 2194 Et
714 2164 800 2193 nos
821 2164 932 2192 vero
964 2148 1165 2205 predicti
1199 2148 1439 2191 Johannes
1463 2145 1742 2189 Pakenham
1767 2151 1812 2189 et
1836 2145 2057 2189 Johanna

313 2237 430 2267 uxor
474 2236 581 2265 mea
625 2228 671 2264 et
714 2219 909 2263 heredes
953 2218 1099 2261 nostri
1145 2217 1415 2273 predictum
1460 2216 1761 2272 mesuagium
1810 2229 1919 2258 cum
1963 2215 2059 2258 suis

312 2292 621 2348 pertinenciis
664 2288 862 2346 prefatis
905 2287 1091 2330 Thome
1146 2286 1368 2329 Arniorer
1421 2291 1467 2328 et
1523 2284 1724 2328 Isabelle
1768 2285 1904 2328 uxori
1960 2285 2060 2327 eius

311 2360 565 2405 heredibus
588 2366 633 2403 et
658 2358 917 2415 assignatis
940 2357 1035 2400 suis
1057 2361 1226 2399 contra
1250 2369 1413 2398 omnes
1446 2359 1609 2410 gentes
1632 2353 2061 2397 warantizabimus

314 2438 360 2474 et
384 2429 693 2473 defendemus
723 2429 1091 2483 imperpetuum.
1160 2425 1209 2467 In
1246 2424 1381 2467 cuius
1416 2424 1482 2466 rei
1523 2423 1855 2466 testimonium
1895 2422 2059 2478 sigilla

314 2505 476 2544 nostra
512 2497 717 2555 presenti
757 2496 1082 2553 apposuimus.
1150 2493 1209 2537 Et
1248 2494 1308 2536 ad
1347 2493 1580 2536 maiorem
1618 2492 1761 2536 huius
1799 2492 1864 2534 rei
1905 2505 2056 2535 secur-

315 2570 487 2613 itatem
518 2567 793 2610 faciendam
826 2564 1043 2621 sigillum
1077 2562 1221 2607 officii
1257 2562 1524 2605 maioratus
1559 2561 1673 2604 ville
1706 2561 2059 2616 Suthamptone

314 2638 537 2681 similiter
589 2636 702 2679 huic
756 2633 935 2690 apponi
991 2632 1365 2689 procuravimus.
1451 2630 1558 2673 Hiis
1613 2629 1814 2673 testibus
1868 2628 2058 2672 Thoma

428 2780 439 2801 l
454 2778 538 2805 John
562 2778 691 2810 Beneyt‚
715 2782 819 2808 mayor
843 2776 962 2806 1409-10,
985 2775 1103 2805 1413-14,
1127 2774 1186 2799 and
1211 2774 1286 2805 1418,
1309 2773 1401 2798 baillff
1426 2773 1490 2798 1403
1515 2772 1644 2803 (Davles‚
1668 2771 1756 2798 Hist.
1783 2771 1822 2804 os
1841 2770 2025 2803 Southamp—

348 2821 411 2851 ton,
435 2827 462 2852 p.
488 2819 560 2852 173).
606 2819 718 2850 Benest
739 2824 799 2843 was
823 2816 1010 2849 presumably
1038 2822 1055 2841 a
1085 2815 1247 2842 merchant.
1297 2814 1342 2840 He
1363 2820 1484 2846 appears
1505 2819 1612 2843 among
1634 2812 1685 2838 the
1705 2812 1848 2844 burghers
1867 2813 2027 2844 importing

348 2863 438 2894 goods
450 2862 498 2893 (K.
510 2862 543 2888 R.
557 2861 690 2887 Customs
702 2861 753 2891 asc,
766 2861 810 2885 5-6
822 2859 924 2890 Henry
938 2858 987 2889 IV,
1007 2857 1107 2890 1391‘7).
1141 2856 1214 2882 Like
1233 2856 1318 2882 other
1338 2862 1454 2887 mayors
1476 2860 1507 2881 an
1528 2854 1587 2881 this
1607 2854 1715 2886 period,
1734 2853 1771 2879 he
1788 2854 1957 2885 supervised
1976 2853 2027 2879 the

347 2904 555 2930 fortifications
575 2906 606 2928 at
627 2902 839 2933 Southampton
859 2901 917 2926 and
938 2899 1090 2931 presented
1112 2905 1128 2924 a
1148 2898 1274 2924 detailed
1294 2899 1419 2923 account
1439 2898 1469 2922 of
1489 2897 1540 2922 the
1558 2896 1641 2922 work
1659 2897 1689 2921 at
1708 2895 1795 2921 God's
1811 2895 1910 2921 House
1923 2895 2026 2921 Tower

348 2946 487 2977 (Forelgn
500 2945 552 2976 alc,
565 2946 579 2969 9
592 2945 695 2975 Henry
708 2943 732 2969 V
743 2950 749 2972 ;
769 2943 792 2968 F
805 2944 819 2967 9
833 2943 936 2973 Henry
949 2942 981 2973 V,
995 2941 1045 2973 E).
1089 2940 1142 2965 His
1154 2940 1259 2971 special
1272 2940 1357 2965 claim
1377 2942 1408 2964 to
1426 2940 1537 2970 repnte,
1550 2938 1695 2968 however,
1708 2943 1769 2962 was
1780 2937 1938 2962 connected
1952 2936 2026 2962 with

349 2987 399 3013 the
409 2987 609 3018 organisation
622 2986 653 3010 of
666 2986 715 3010 the
728 2986 820 3010 water
832 2984 936 3015 supply
949 2984 980 3008 at
994 2982 1219 3013 Southampton.
1255 2981 1290 3007 In
1305 2982 1370 3006 1420
1387 2981 1431 3005 his
1448 2982 1603 3005 executore
1621 2979 1715 3004 under
1734 2978 1780 3004 his
1796 2979 1857 3003 will
1876 2978 1991 3004 erected
2009 2984 2025 3003 a

348 3029 469 3054 conduit
481 3028 519 3059 by
532 3028 607 3059 Holy
622 3027 704 3052 Rood
718 3029 749 3051 to
761 3027 847 3057 bring
867 3028 960 3050 water
981 3025 1058 3050 from
1078 3024 1128 3049 the
1147 3023 1253 3049 Friars'
1272 3023 1395 3048 confiuit
1413 3022 1488 3047 head
1514 3023 1547 3047 at
1565 3021 1635 3046 Eill.
1669 3020 1730 3045 The
1753 3020 1851 3045 Friars
1870 3019 1975 3051 agreed
1994 3021 2025 3045 to

348 3070 425 3095 hand
446 3076 516 3095 over
536 3069 585 3094 the
601 3069 721 3094 condult
735 3067 811 3093 head
823 3068 853 3092 in
865 3067 1001 3098 question
1016 3068 1046 3091 to
1063 3065 1113 3091 the
1131 3067 1293 3095 executors‚
1305 3064 1385 3089 John
1399 3063 1560 3095 Flemynge
1571 3062 1629 3087 and
1642 3061 1770 3087 Thomas
1781 3061 2026 3093 Wynterbourne‚

350 3117 386 3137 on
400 3111 550 3137 condition
563 3110 631 3136 that
641 3110 693 3136 the
704 3109 796 3135 latter
807 3108 952 3139 arranged
965 3108 1011 3134 i'or
1023 3107 1074 3132 the
1087 3112 1273 3138 conveyance
1286 3105 1317 3130 of
1328 3106 1422 3130 water
1435 3103 1507 3130 both
1526 3106 1557 3129 to
1575 3103 1626 3129 the
1643 3104 1723 3129 town
1741 3102 1799 3128 aud
1813 3105 1845 3128 to
1857 3102 1908 3128 the
1921 3101 2027 3128 Friars'

353 3152 459 3179 nouae.
494 3152 529 3178 Iu
542 3151 600 3177 this
611 3152 742 3178 business
754 3150 889 3184 Beneyt‘s
902 3151 1054 3176 executore
1066 3148 1148 3175 acted
1163 3149 1193 3173 in
1206 3147 1393 3180 conjunctior]
1406 3146 1479 3172 with
1491 3145 1543 3172 the
1559 3150 1662 3178 mayor
1680 3144 1738 3171 and
1751 3143 1949 3177 Corporation‚
1963 3143 2029 3170 who
