2212 3408
67 1801 141 1835 Fol.
159 1801 246 1835 YIII
263 1803 293 1835 2.

107 2113 254 2173 1402?

377 126 435 183 64
964 138 1059 168 THE
1092 137 1250 169 BLACK
1283 137 1409 169 BOOK

906 305 1008 350 Fol.
1042 305 1151 349 VIII
1187 303 1472 363 (continued).

316 416 497 460 Borard
521 421 568 460 et
585 416 709 460 aliis.
766 416 897 461 Data
915 416 1271 474 Suthamptona
1289 417 1461 473 quinto
1483 416 1673 460 decimo
1691 416 1769 459 die
1787 415 2055 473 Septembri

314 501 443 530 anno
465 486 600 544 regni
626 485 774 544 Regis
793 486 990 530 Ricardi
1014 487 1210 530 secundi
1233 486 1464 530 vicesimo
1488 483 1663 530 tertio.1
1727 484 1837 544 Qua
1860 485 2057 542 quidem

314 561 448 599 carta
480 555 673 612 publice
706 556 876 599 audita
910 556 1051 609 lecta,
1084 561 1188 609 etc.,
1222 555 1504 613 prefataque
1534 555 1727 599 Amicia
1759 555 1863 599 sola
1896 569 1978 612 per
2009 568 2057 598 se

313 626 595 669 examinata
634 630 681 668 et
717 624 892 681 jurata,
927 630 1031 678 eto,
1067 624 1260 678 fatetur,
1297 630 1401 678 etc.,
1435 630 1621 669 cartam
1653 624 1924 681 predictam
1959 638 2057 667 esse

312 693 497 738 factum
519 708 685 737 suum:
723 699 770 736 et
793 693 921 749 quod
945 694 1200 750 spontanie
1224 694 1377 750 ipsam
1408 693 1509 737 fieri
1543 693 1659 738 fecit
1691 693 1871 750 absque
1894 693 2055 737 coher-

311 763 450 806 cione
492 777 575 806 seu
617 762 950 819 compulsione
993 763 1337 819 cuiuscumque
1380 777 1578 819 persone
1621 763 1788 806 mundi
1833 767 1881 806 et
1933 762 2059 819 petit

312 832 515 875 eandem
558 836 745 874 cartam
782 832 862 875 hic
906 830 1180 884 inbreviari,
1220 837 1308 875 etc.
1375 831 1436 875 Et
1472 831 1673 875 ulterius
1710 831 1942 888 cognovit
1978 831 2058 874 hic

311 901 538 944 seisinam
569 915 666 944 esse
696 901 874 944 virtute
911 905 1041 944 carte
1080 901 1294 957 predicte
1330 899 1591 944 liberatam
1627 899 1816 957 prefato
1839 899 2058 943 Waltero

311 969 491 1026 absque
545 969 714 1026 aliqua
772 970 1059 1013 condicione
1124 970 1401 1013 mediante:
1471 968 1808 1013 Renunciante
1870 967 2059 1025 prefata

311 1038 504 1082 Amicia
535 1053 620 1095 pro
651 1053 699 1082 se
730 1044 777 1082 et
802 1038 1057 1082 heredibus
1086 1039 1183 1082 suis
1213 1043 1318 1082 toto
1351 1038 1454 1095 jure
1478 1043 1526 1082 et
1552 1038 1740 1082 clameo
1774 1053 1865 1095 que
1897 1043 2058 1095 potest

312 1108 502 1164 exigere
525 1122 606 1151 seu
630 1108 884 1151 vendicare
909 1109 957 1151 in
985 1107 1157 1151 futuris
1186 1108 1235 1151 in
1269 1107 1493 1152 omnibus
1526 1108 1661 1152 terris
1694 1112 1742 1151 et
1774 1108 1977 1165 singulis
2010 1112 2058 1151 et

312 1177 601 1221 tenementis
632 1176 922 1234 specificatis
952 1182 998 1221 et
1028 1193 1125 1221 non
1157 1176 1445 1234 specificatis
1477 1177 1765 1234 supradictis
1796 1176 2056 1221 secundum

312 1245 519 1290 formam
542 1251 589 1290 et
612 1251 828 1290 tenorem
851 1251 980 1291 carte
1003 1247 1230 1303 predicte.

1046 1672 1328 1731 [RELEASE]

373 1786 732 1843 Suthamptona
757 1786 903 1830 Curia
927 1785 1106 1829 ibidem
1130 1789 1265 1829 tenta
1288 1799 1451 1828 coram
1473 1783 1665 1828 Thorna
1689 1784 2056 1842 Middelyngton

313 1861 428 1900 tunc
473 1857 652 1900 ibidem
698 1858 893 1908 maiore,
930 1855 1138 1899 Henrico
1188 1854 1422 1911 I-Iolewey
1468 1859 1515 1898 et
1550 1854 1817 1897 &Villielmo
1860 1853 2057 1898 Nicholl

313 1930 427 1969 tunc
470 1925 649 1969 ibidem
689 1925 903 1978 Ballivis,
938 1925 1013 1968 die
1060 1925 1226 1967 martis
1264 1925 1485 1980 proximo
1522 1928 1632 1979 post
1673 1922 1849 1967 festum
1892 1923 2056 1967 Sancti

311 1994 558 2038 Valentini
594 1995 814 2051 Martyris
847 2009 975 2038 anno
1016 1993 1172 2051 Regni
1208 1993 1354 2050 Regis
1388 1993 1580 2036 Henrici
1615 1994 1772 2049 quarti
1805 1998 1913 2049 post
1946 2007 2055 2036 con-

313 2070 535 2121 questum
569 2061 749 2108 tercio.3

374 2175 450 2219 Ad
487 2176 615 2219 hunc
653 2176 781 2218 diem
819 2177 952 2219 venit
995 2175 1235 2217 Johannes
1279 2173 1462 2230 Mapull
1505 2173 1563 2217 de
1607 2172 1966 2229 Suthamptona
2009 2178 2057 2217 et

312 2245 514 2301 protulit
544 2246 621 2288 hic
654 2259 818 2288 coram
855 2243 1052 2300 prefatis
1090 2245 1272 2286 maiore
1305 2247 1354 2286 et
1389 2242 1590 2285 Ballivis
1628 2242 1874 2298 quoddam
1913 2244 2054 2299 scrip-

314 2319 417 2357 tum
451 2314 768 2357 relaxacionis
801 2315 934 2356 cuius
967 2317 1103 2356 tenor
1136 2313 1350 2368 sequitur
1387 2313 1435 2354 in
1472 2312 1560 2355 hec
1597 2310 1756 2354 verba.
1822 2310 2056 2355 Noverint

312 2385 517 2426 universi
560 2397 644 2438 per
679 2388 919 2438 presentes
956 2396 1032 2424 me
1071 2382 1338 2424 Johannem
1378 2379 1559 2436 Mapull
1604 2380 1661 2423 de
1700 2379 2057 2437 Suthamptona

311 2453 543 2495 remisisse
575 2451 813 2494 relaxasse
847 2456 893 2494 et
927 2452 1124 2494 omnino
1156 2464 1242 2506 pro
1275 2464 1351 2493 me
1382 2454 1430 2493 et
1460 2449 1713 2493 heredibus
1742 2451 1859 2493 meis
1882 2451 1929 2492 in
1953 2465 2054 2506 per-

312 2526 513 2577 petuum
546 2522 763 2577 quietum
796 2519 1029 2563 clamasse
1063 2519 1269 2562 Johanni
1303 2518 1685 2575 Bramithwayte
1718 2520 1810 2562 civi
1836 2519 2054 2562 London-

314 2592 428 2633 iensi
472 2594 520 2633 et
562 2589 665 2633 Alis
707 2591 844 2633 uxori
888 2590 987 2632 eius
1029 2587 1125 2631 filie
1170 2593 1217 2631 et
1259 2588 1421 2631 heredi
1459 2587 1709 2631 Willielmi
1752 2586 1960 2631 Tabeler
1997 2588 2055 2631 de

315 2658 557 2715 Clapham
581 2660 628 2701 in
651 2660 889 2702 comitatu
912 2659 1098 2701 Surreia
1131 2662 1290 2700 totum
1322 2656 1396 2713 jus
1429 2671 1590 2700 meum
1623 2661 1670 2700 et
1700 2656 1941 2700 clameum
1964 2671 2055 2713 que

313 2730 547 2784 uniquam
587 2727 736 2771 habui
777 2727 935 2771 habeo
980 2727 1055 2770 vel
1099 2726 1416 2783 quovismodo
1457 2724 1633 2769 habere
1676 2730 1843 2782 potero
1882 2727 1930 2768 in
1969 2725 2055 2768 illo

315 2802 590 2840 tenemento
624 2796 753 2853 quod
784 2796 933 2840 habui
968 2811 1026 2840 ex
1058 2795 1187 2839 dono
1223 2800 1270 2839 et
1304 2795 1553 2852 legacione
1586 2793 1837 2837 Willielmi
1872 2794 2054 2850 Mapull

314 2865 560 2923 burgensis
583 2867 640 2910 de
663 2866 1021 2923 Suthamptona
1044 2865 1171 2922 quod
1195 2866 1428 2908 situatum
1452 2869 1521 2908 est
1552 2862 1691 2920 juxta
1725 2867 2054 2906 tenementum

429 3085 439 3105 l
455 3084 624 3117 September
637 3085 712 3117 15th‚
726 3086 798 3111 1399.

429 3152 440 3173 ‘2
457 3151 518 3176 The
531 3158 599 3185 year
614 3153 677 3177 1402
691 3152 713 3177 is
728 3153 847 3178 written
861 3152 889 3176 in
902 3151 953 3177 the
966 3151 1080 3182 margin
1094 3151 1123 3175 of
1136 3150 1195 3176 this
1208 3150 1287 3179 deod?
