2212 3408
51 1850 128 1884 Fol.
152 1850 233 1884 xvl
252 1850 291 1884 B.

405 95 489 139 124
990 95 1084 126 THE
1118 94 1275 127 BLACK
1309 96 1433 128 BOOK

925 247 1025 291 Fol.
1061 247 1173 291 XVI
1210 246 1493 305 (continued).

338 361 497 412 partes
519 357 733 414 predicte
756 359 1037 403 alternatim
1054 359 1149 403 hiis
1167 359 1432 403 indenturis
1449 359 1614 417 sigilla
1636 373 1721 403 sua
1744 364 2083 416 apposuerunt.

338 426 398 470 Et
431 442 516 483 pro
551 428 723 471 maiori
758 430 1015 473 securitate
1053 429 1270 487 sigillum
1309 428 1455 473 officii
1492 429 1759 473 maioratus
1791 428 1906 472 ville
1940 428 2079 473 Suth-

336 501 567 552 amptone
609 498 703 542 hiis
746 500 925 555 apponi
981 504 1368 555 procuraverunt.
1466 498 1572 541 Hiis
1620 497 1823 542 testibus
1866 499 2082 541 Johanne

337 565 518 622 Beneyt
543 571 657 610 tunc
680 568 863 611 maiore
896 568 1013 612 ville
1045 569 1258 625 predicte
1291 569 1508 624 Johanne
1543 567 1779 611 Maschall
1812 572 1859 611 et
1891 565 2084 611 Thoma

335 635 557 678 Armorer
610 641 724 679 tunc
779 636 983 680 Ballivis
1050 637 1265 681 eiusdem
1329 636 1458 689 ville,
1513 635 1706 680 Thoma
1759 636 2081 694 Midlyngt0n‚

338 703 608 748 Willielmo
632 704 838 762 Overay,
866 707 1074 750 Henrico
1110 706 1356 762 Holewey‚
1384 706 1597 749 Ricardo
1630 706 1894 763 Bradewey
1919 705 2080 749 Aldre-

336 774 540 826 mannis,
600 772 791 818 Thoma
851 775 983 818 Belle
1042 775 1341 819 seneschallo
1405 780 1452 818 et
1521 775 1644 818 aliis.
1744 775 1876 819 Data
1939 774 2078 819 Suth-

334 847 564 898 amptone
620 844 668 886 in
724 843 846 888 festo
895 844 1061 888 Sancti
1118 844 1369 888 Michaelis
1412 843 1703 901 Archangeli
1758 843 1899 888 Anno
1947 844 2081 902 regni

334 913 458 969 regis
492 913 687 956 Henrici
722 915 881 970 quarti
916 920 1025 971 post
1057 919 1375 971 conquestum
1409 912 1584 971 Anglie
1617 911 1907 957 undecimo.l
1971 912 2082 972 Qua

335 982 531 1037 quidem
575 988 723 1036 carta,
768 988 874 1036 etc.,
918 984 1112 1040 publice
1156 984 1297 1037 lecta,
1342 988 1447 1037 etc„
1493 983 1700 1027 Isabella
1748 998 1830 1040 per
1883 998 1930 1027 se
1979 983 2082 1027 sola

334 1052 630 1105 examinata,
656 1058 760 1105 etc„
785 1052 964 1097 fatetur
998 1054 1201 1097 eandem
1234 1059 1421 1097 cartam
1455 1067 1552 1097 esse
1585 1052 1770 1096 factum
1800 1068 1952 1106 suum,
1977 1057 2082 1106 etc,

334 1126 381 1164 et
413 1122 538 1177 petit
571 1121 711 1165 illam
745 1123 1001 1177 irrotulari‚
1037 1129 1140 1177 etc,
1177 1129 1224 1167 et
1256 1137 1535 1167 concessum
1580 1127 1650 1166 est
1693 1123 1736 1166 ei
1776 1127 1823 1166 et
1856 1136 2082 1166 concessa

335 1195 405 1234 est
437 1191 628 1245 seisina,
663 1197 753 1236 etc.

795 1732 1117 1790 [Transcribed
1149 1734 1241 1777 and
1273 1731 1621 1790 Summarised]

396 1842 471 1887 Ad
509 1845 634 1887 hanc
672 1844 857 1888 curiam
891 1844 1160 1901 predictam
1193 1844 1353 1888 silicet
1385 1849 1616 1888 venerunt
1656 1843 1829 1887 Michel
1867 1842 2000 1887 Goos
2034 1847 2082 1887 et

335 1913 542 1958 Isabella
585 1929 705 1958 uxor
748 1914 863 1968 eius,
905 1914 1209 1959 Raimundus
1253 1914 1405 1971 Clyve
1449 1918 1498 1958 et
1539 1914 1760 1969 Johanna
1803 1927 1923 1956 uxor
1965 1912 2080 1965 eius,

334 1988 439 2037 etc.,
474 1988 521 2028 et
558 1984 861 2040 protulerunt
894 1984 1141 2041 quandam
1174 1989 1361 2028 cartam
1395 1983 1747 2028 irrotulandam
1779 1983 1915 2027 cuius
1948 1986 2083 2026 tenor

333 2053 549 2110 sequitur
572 2053 620 2096 in
643 2053 731 2097 hec
753 2053 913 2097 verba.

393 2163 548 2208 2Haec
581 2165 839 2209 indentura
870 2164 1004 2209 facta
1035 2165 1161 2208 inter
1184 2164 1470 2209 Michaelem
1494 2162 1626 2208 Goos
1649 2162 1942 2220 Burgensem
1964 2160 2080 2205 ville

333 2235 685 2291 Suthamptone
719 2240 767 2278 et
789 2234 1049 2278 Isabellam
1080 2249 1280 2278 uxorem
1313 2234 1414 2278 eius
1447 2247 1506 2277 ex
1537 2237 1675 2290 parte
1707 2246 1818 2285 una,
1844 2231 2078 2275 Raimun-

333 2304 449 2348 dum
483 2304 634 2361 Clyve
668 2309 716 2348 et
747 2304 1024 2348 Johannam
1056 2318 1255 2348 uxorem
1288 2304 1389 2347 eius
1427 2317 1486 2346 ex
1518 2307 1655 2359 parte
1688 2302 1844 2345 altera
1877 2305 2083 2345 testatur

333 2374 463 2431 quod
485 2389 597 2418 cum
624 2373 800 2431 prefati
831 2373 1006 2418 Michel
1040 2378 1087 2417 et
1121 2372 1328 2417 Isabella
1361 2387 1445 2430 per
1476 2386 1615 2416 suum
1648 2372 1880 2428 scriptum
1915 2370 2078 2414 inden-

333 2448 492 2488 tatum
534 2444 669 2488 cuius
712 2443 883 2488 datum
926 2448 996 2487 est
1039 2443 1170 2500 apud
1208 2443 1618 2499 Suthamptonam
1656 2441 1707 2484 in
1750 2439 1874 2484 festo
1912 2439 2078 2484 Sancti

334 2513 596 2566 Michaelis,
635 2527 684 2556 11
722 2513 885 2570 Henry
913 2512 1004 2566 IV„
1036 2517 1141 2566 etc„
1176 2512 1462 2556 dimiserunt
1491 2510 1691 2568 prefatis
1723 2508 2003 2553 Raimundo
2033 2512 2081 2551 et

332 2584 549 2639 Johanne
581 2583 677 2626 duo
713 2587 990 2626 tenementa
1022 2597 1108 2626 sua
1143 2583 1376 2639 contigua
1409 2582 1592 2625 situata
1630 2581 1679 2623 in
1713 2579 1829 2623 ville
1862 2578 2080 2635 predicta

333 2652 383 2695 in
426 2653 535 2696 vico
578 2651 801 2709 Anglico,
841 2649 964 2703 etc.3;
1010 2651 1286 2695 habendum
1331 2656 1378 2694 et
1422 2650 1684 2694 tenendum
1725 2648 1943 2705 predicta
1986 2647 2081 2690 duo

334 2727 625 2775 tenementa,
656 2727 760 2775 etc,
791 2721 990 2778 prefatis
1025 2721 1303 2765 Raimundo
1337 2726 1384 2764 et
1417 2721 1648 2772 Johanne,
1677 2716 1801 2771 etc.,4
1832 2731 1918 2774 pro
1950 2720 2081 2760 certo

447 2925 457 2945 1
475 2923 641 2955 September
655 2924 730 2953 29th,
743 2924 816 2949 1410.
852 2923 934 2954 (This
946 2924 968 2948 is
981 2923 1122 2954 probably
1134 2930 1149 2948 a
1164 2922 1287 2947 mistake
1300 2929 1306 2951 ;
1327 2921 1497 2953 September
1510 2919 1577 2946 aoth
1592 2926 1651 2945 was
1663 2919 1713 2944 the
1727 2918 1783 2950 day
1797 2917 1826 2942 of
1840 2916 1889 2942 the.
1905 2917 2048 2942 accession

369 2966 397 2989 01
411 2965 512 2996 Henry
526 2965 575 2996 IV,
588 2971 618 2990 so
632 2965 698 2990 that
712 2964 879 2996 September
893 2964 959 2989 29th
973 2964 1069 2989 would
1083 2964 1118 2989 be
1132 2963 1183 2989 the
1200 2965 1256 2988 last
1275 2963 1331 2993 day
1351 2962 1380 2987 of
1398 2962 1467 2987 each
1489 2967 1559 2992 year
1579 2961 1608 2985 of
1629 2960 1673 2985 his
1692 2959 1782 2989 reign.
1825 2958 1931 2989 Hence,
1950 2958 1979 2982 in
1997 2957 2048 2982 the

368 3007 485 3037 present
496 3007 629 3032 instance
642 3007 693 3032 the
705 3006 797 3032 scribe
809 3006 951 3038 probably
964 3006 1103 3031 followed
1116 3005 1168 3031 the
1186 3005 1255 3030 date
1273 3005 1304 3030 at
1321 3004 1373 3029 the
1391 3003 1465 3029 head
1481 3003 1511 3028 of
1531 3003 1582 3028 the
1594 3001 1760 3031 document,
1773 2999 1877 3031 which,
1890 3005 1922 3024 as
1934 2999 1958 3024 it
1969 3004 2050 3024 came

367 3049 397 3073 in
410 3048 542 3079 October,
555 3055 614 3074 was
626 3049 706 3079 early
720 3049 749 3073 in
763 3048 814 3074 the
827 3048 927 3079 regnal
940 3053 1029 3079 year-3
1048 3047 1107 3073 and
1126 3047 1291 3078 torgetting
1313 3046 1383 3071 that
1405 3044 1575 3077 September
1593 3043 1659 3069 29tli
1679 3048 1739 3068 was
1756 3041 1847 3073 really
1861 3040 1911 3066 the
1923 3040 1980 3066 last
1991 3040 2049 3071 day

369 3090 399 3115 of
411 3090 462 3116 the
473 3090 609 3121 previous
621 3090 723 3121 regnal
735 3097 815 3122 year,
834 3091 928 3116 wrote
947 3089 961 3101 “
971 3090 1127 3115 undecimo
1137 3089 1151 3099 ”
1170 3089 1286 3114 instead
1306 3088 1335 3113 ot
1354 3086 1516 3113 “decimo''
1558 3085 1620 3111 The
1641 3085 1710 3110 date
1730 3083 1836 3110 should
1855 3081 1997 3113 probably
2015 3082 2049 3107 be

369 3130 535 3163 September
548 3131 624 3163 29th,
638 3132 725 3161 1409).
