2212 3408
305 165 358 194 22
890 163 984 194 THE
1018 165 1174 195 BLACK
1209 164 1334 196 BOOK

933 315 1033 359 Fol.
1071 316 1110 359 Il
1136 315 1173 358 Β
1209 313 1286 372 (2).

688 423 1009 481 [Transcribed
1041 427 1134 469 and
1166 423 1530 482 Szmzmcwised.]¹

301 537 421 580 Item
444 537 507 580 ad
534 536 738 580 eandem
770 537 954 580 curiam
988 551 1150 580 coram
1185 536 1379 580 Ballivo
1413 542 1460 580 et
1493 535 1821 580 Sectatoribus
1853 535 1979 580 infra

238 607 518 658 nominatis,
557 620 639 649 seu
680 605 969 662 specificatis
1011 611 1242 649 venerunt
1291 607 1339 648 in
1382 606 1587 662 propriis
1628 606 1842 662 personis
1883 606 1980 649 suis

240 675 494 732 Philippus
515 674 692 731 Valeys
722 679 768 718 et
796 674 1002 718 Isabella
1032 690 1152 718 uxor
1180 689 1265 718 sua
1289 679 1337 718 et
1362 675 1678 731 protulerunt,
1703 680 1807 728 etc.‚
1832 689 1979 718 unam

238 749 424 788 cartam
447 743 743 787 feoffamenti
767 743 901 799 cujus
925 748 1061 786 tenor
1082 744 1309 799 sequitur,
1329 749 1417 787 etc.
1483 743 1649 787 Sciant
1671 748 1911 800 presentes
1934 748 1981 787 et

238 813 385 857 futuri
430 813 559 869 quod
602 826 692 869 ego
738 812 991 868 Philippus
1027 812 1205 868 Valeys
1244 818 1290 856 et
1325 812 1529 855 Isabella
1564 828 1683 856 uxor
1716 827 1838 866 mea,
1874 817 1979 866 etc,

238 883 470 934 dedimus,
505 887 608 934 etc.‚
649 881 847 925 domino
882 881 1153 925 willielmo
1194 881 1345 938 Herry
1388 886 1435 925 et
1474 882 1671 925 domino
1711 881 1980 924 Willielmo

238 951 385 995 Blunt
433 951 491 994 de
539 950 897 1007 Suthamptona
945 950 1212 1007 capellanis
1258 950 1504 1006 quoddam
1548 956 1876 994 tenementum
1922 950 1980 993 de

237 1020 422 1064 duobus
456 1020 596 1063 tectis
627 1034 738 1063 cum
770 1020 867 1063 suis
899 1020 1209 1076 pertinenciis
1243 1020 1370 1076 quod
1404 1020 1667 1063 scituatum
1694 1024 1778 1072 est,
1802 1024 1906 1072 etc,
1931 1019 1980 1061 in

236 1090 467 1146 parochia
501 1089 699 1133 ecclesie
734 1088 908 1132 Sancte
941 1088 1107 1133 Crucis
1139 1090 1186 1131 in
1221 1090 1329 1133 vico
1362 1088 1570 1145 Anglico
1604 1089 1652 1132 in
1687 1088 1978 1132 occidentali

237 1164 373 1216 parte
425 1159 520 1201 vici
577 1159 700 1201 inter
763 1163 1094 1202 tenementum
1147 1158 1380 1202 Johannis
1435 1158 1675 1202 Pulmond
1733 1172 1791 1201 ex
1844 1162 1979 1214 parte

237 1228 438 1271 australi
493 1232 540 1271 et
594 1227 840 1284 quoddam
895 1228 1197 1284 mesuagium
1250 1227 1506 1271 willielmi
1563 1227 1679 1270 Dert
1733 1241 1791 1270 ex
1844 1232 1980 1282 parte

237 1296 441 1340 boriali:
493 1296 771 1340 habendum
817 1302 863 1340 et
910 1297 1170 1340 tenendum
1217 1302 1375 1341 totum
1420 1297 1688 1353 predictum
1736 1301 1976 1339 tenemen-

238 1372 355 1418 tum,
411 1371 514 1419 etc.‚
569 1365 797 1422 predictis
853 1366 1123 1409 Willielmo
1177 1371 1223 1409 et
1278 1365 1563 1418 willielmo,
1619 1364 1873 1408 heredibus
1933 1369 1980 1408 et

236 1435 496 1492 assignatis
558 1435 654 1478 suis
717 1435 1072 1491 imperpetuum
1127 1435 1184 1478 de
1239 1434 1535 1491 capitalibus
1587 1434 1797 1477 dominis
1849 1433 1977 1477 feodi

239 1505 369 1548 illius
436 1519 519 1561 per
582 1504 785 1547 servicia
852 1505 962 1548 inde
1017 1504 1197 1558 debita,
1263 1510 1351 1558 etc.
1469 1504 1528 1547 Et
1583 1517 1672 1560 ego
1737 1503 1980 1560 predictus

239 1574 492 1630 Philippus
545 1579 592 1617 et
647 1573 850 1617 Isabella
905 1589 1025 1618 uxor
1075 1589 1183 1617 mea
1237 1579 1283 1617 et
1341 1574 1536 1617 heredes
1594 1573 1742 1616 nostri
1795 1572 1977 1629 predic-

238 1650 341 1687 tum
405 1648 748 1696 tenementum,
814 1649 918 1695 etc.,
977 1644 1205 1700 predictis
1266 1643 1536 1686 willielmo
1590 1648 1637 1686 et
1693 1641 1976 1695 willielmo,

237 1714 553 1765 etc.‚'contra
597 1726 762 1755 omnes
811 1717 976 1769 gentes
1018 1712 1448 1756 warantizabimus
1492 1717 1538 1755 et
1581 1711 1891 1755 defendemus
1929 1711 1975 1754 in

236 1786 534 1839 perpetuum.
601 1782 652 1824 In
676 1781 810 1838 cujus
832 1782 898 1825 rei
924 1783 1258 1826 testimonium
1284 1782 1396 1826 huic
1429 1782 1635 1838 presenti
1663 1786 1794 1824 carte
1817 1786 1976 1824 nostre

236 1851 400 1908 sigilla
463 1856 625 1894 nostra
689 1851 1014 1907 apposuimus.
1123 1851 1182 1895 Et
1246 1851 1310 1894 ad
1373 1852 1607 1894 maiorem
1667 1851 1975 1894 securitatem

236 1919 511 1963 faciendam
549 1920 765 1976 sigillum
805 1921 1071 1964 maioratus
1110 1921 1224 1964 ville
1263 1920 1617 1976 Suthamptone
1650 1920 1763 1963 huic
1796 1919 1975 1975 apponi

235 1989 609 2045 procuravimus.
678 1989 786 2032 Hiis
809 1989 1011 2033 testibus
1033 1990 1251 2033 Johanne
1277 1990 1516 2033 Pulmond
1541 1990 1737 2042 maiore,
1761 1988 1978 2032 Johanne

239 2058 372 2102 Flete
409 2058 616 2111 Ballivo,
655 2059 865 2102 Ricardo
900 2059 1139 2116 Bradway
1169 2059 1466 2103 seneschallo
1493 2059 1608 2102 ville
1636 2058 1975 2114 Suthampton‚

236 2127 478 2171 Nicholao
497 2128 787 2185 Langstoke‚
804 2129 1018 2172 ‘xValtero
1038 2129 1216 2186 Lange,
1236 2129 1452 2172 Johanne
1478 2129 1738 2185 Pyngston‚
1758 2127 1976 2185 Johanne

236 2196 424 2239 Skarlet
449 2202 496 2239 et
518 2197 685 2240 multis
708 2196 831 2240 aliis.
897 2198 1080 2241 Datum
1103 2198 1232 2254 apud
1255 2197 1663 2253 Suthamptonam
1688 2196 1976 2239 duodecimo

236 2265 314 2309 die
358 2266 533 2309 mensis
576 2266 692 2309 Julii
737 2281 865 2309 anno
910 2267 1042 2323 regni
1082 2267 1205 2323 regis
1246 2267 1443 2310 Ricardi
1482 2266 1675 2309 secundi
1716 2270 1825 2321 post
1862 2279 1972 2308 con-

236 2340 458 2390 questum
500 2334 676 2391 Anglie
719 2340 855 2378 sexto
899 2335 1102 2379 decimo.
1189 2335 1298 2393 Qua
1343 2335 1538 2391 quidem
1581 2340 1715 2377 carta
1758 2334 1975 2390 predicta

237 2403 363 2446 lecta
406 2403 599 2459 publice
654 2409 702 2447 et
754 2404 926 2447 audita
970 2405 1074 2460 ipsa
1118 2402 1323 2461 Agnete2
1377 2403 1583 2447 Isabella
1636 2418 1718 2459 per
1771 2417 1818 2446 se
1872 2403 1976 2446 sola

236 2486 378 2528 supra
415 2473 507 2515 hac
542 2473 825 2516 examinata
859 2479 906 2516 et
938 2472 1100 2529 jurata
1134 2473 1395 2517 secundum
1425 2473 1823 2516 consuetudinem
1845 2471 1975 2524 ville,

236 2540 416 2585 fatetur
457 2542 582 2585 hanc
620 2546 805 2585 cartam
839 2557 937 2585 esse
980 2541 1165 2586 factum
1203 2557 1354 2595 suurn,
1389 2547 1436 2586 et
1469 2541 1661 2598 publice
1695 2541 1977 2598 recognovit

236 2610 362 2654 hanc
404 2624 451 2653 se
494 2609 660 2654 fecisse
702 2610 882 2667 absque
920 2612 1204 2655 cohercione
1248 2612 1451 2668 predicti
1493 2611 1707 2667 Philippi
1753 2611 1843 2654 viri
1886 2610 1972 2653 sui.

239 2679 299 2722 Et
338 2680 407 2722 ita
443 2680 565 2735 petit
602 2680 706 2736 ipsa
741 2679 946 2723 Isabella
982 2681 1061 2723 hic
1100 2679 1358 2724 inbreviari
1403 2680 1452 2723 in
1497 2680 1823 2724 exclusionem
1860 2678 1976 2735 juris

237 2749 309 2792 sui
345 2754 391 2792 et
429 2749 659 2792 heredum
696 2763 890 2793 suorum
928 2750 986 2792 de
1023 2755 1299 2794 tenemento
1338 2750 1556 2806 predicto
1592 2749 1730 2805 juxta
1769 2747 1976 2792 formam

238 2823 284 2861 et
323 2817 543 2862 effectum
581 2824 712 2862 carte
749 2819 962 2875 predicte
1000 2820 1352 2876 imperpetuum
1391 2819 1651 2863 secundum
1690 2817 1973 2861 consuetud-

240 2887 368 2930 inem
422 2888 549 2931 ville.
648 2888 707 2931 Et
761 2888 972 2931 admissa
1027 2894 1097 2931 est
1150 2903 1231 2945 per
1289 2889 1421 2932 curia
1476 2893 1523 2931 et
1577 2886 1872 2930 inbreviatur
1925 2886 1974 2929 in

239 2956 563 2999 exclusionem
600 2957 714 3001 iuris
748 2957 818 3001 sui
856 2962 903 3001 et
936 2958 1166 3001 heredum
1200 2972 1394 3001 suorum
1427 2958 1782 3014 imperpetuum
1810 2969 1972 2999 secun-

240 3024 354 3068 dum
377 3026 773 3070 consuetudinem
796 3026 926 3070 ville.

354 3133 363 3153 1
380 3132 413 3157 In
427 3133 513 3158 dee‹ls
525 3133 671 3159 described
684 3140 714 3159 as
732 3134 747 3146 “
757 3134 937 3159 transcribed
951 3134 1008 3159 and
1021 3133 1236 3159 summarised'’
1254 3134 1360 3159 formal
1374 3133 1499 3165 phrases,
1517 3133 1547 3158 of
1565 3132 1658 3158 which
1678 3132 1823 3164 examples
1837 3137 1944 3163 appear

273 3174 302 3199 in
316 3173 365 3199 the
378 3174 464 3200 deeds
475 3175 655 3200 transcribet]
669 3175 698 3200 in
711 3175 776 3206 full,
787 3175 861 3201 have
874 3175 945 3201 been
959 3175 1093 3201 omitted.
1128 3175 1173 3201 No
1184 3177 1346 3201 statement
1359 3175 1388 3201 of
1401 3175 1495 3201 factis
1508 3175 1563 3200 left,
1574 3175 1635 3200 out.
