2212 3408
31 1831 105 1865 Fol.
132 1831 162 1864 Y
175 1831 218 1864 Β.

333 150 393 193 40
925 152 1018 183 THE
1053 152 1209 184 BLACK
1243 154 1369 185 BOOK

895 302 997 347 Fol.
1032 302 1075 346 V
1110 302 1393 362 (continued).

275 391 546 437 Willielmo
591 394 762 451 Maple,
812 395 1055 441 Nicholao
1105 397 1394 456 Langstoke‚
1449 397 1640 443 Thoma
1695 399 2012 457 Midlyngton,

273 461 491 506 Johanne
540 464 824 518 Penkeston,
868 465 1086 511 Johanne
1129 467 1319 511 Skarlet
1362 473 1409 512 et
1453 469 1619 512 multis
1662 469 1786 512 aliis.
1883 469 2013 513 Data

274 530 625 588 Suthamptone
652 534 871 589 predicta
894 535 971 579 die
994 537 1177 580 veneris
1210 537 1259 580 in
1292 537 1414 581 festo
1444 538 1610 582 Sancti
1634 538 1862 582 Nicholai
1887 553 2014 585 anno

274 601 407 657 regni
454 601 602 659 Regis
646 603 841 646 Ricardi
884 605 1079 648 secundi
1123 611 1232 662 post
1279 613 1595 663 conquestum
1637 607 1813 665 Anglie
1855 612 2012 651 sexto-

274 667 496 713 decimo.l
560 669 671 729 Qua
694 672 889 728 quidem
919 679 1053 716 carta
1085 674 1278 730 publice
1309 675 1436 719 lecta
1466 681 1513 719 et
1539 676 1710 720 audita
1745 682 1792 720 et
1826 676 2014 733 prefata

275 738 480 782 Isabella
503 740 606 783 sola
628 754 767 796 super
788 746 975 784 cartam
1007 743 1275 798 predictam
1306 759 1389 800 per
1410 759 1457 788 se
1481 746 1762 789 examinata
1786 750 1833 789 et
1853 745 2014 802 jurata

273 808 535 851 secundum
557 810 954 853 consuetudinem
979 811 1092 854 ville
1130 811 1309 856 fatetur
1345 814 1502 869 ipsam
1535 829 1632 857 esse
1655 813 1838 857 factum
1860 829 2013 867 suurn,

274 881 377 929 etc„
402 876 582 933 absque
613 879 895 923 cohercione
929 879 1105 936 prefati
1142 881 1339 925 Ricardi
1376 883 1465 925 viri
1504 883 1591 936 sui,
1617 888 1664 926 et
1700 883 1855 939 ipsam
1890 883 2015 940 petit

272 945 341 989 sic
372 946 451 989 hic
482 946 738 990 inbreviari
776 948 823 991 in
854 947 1061 993 formam
1094 951 1438 1008 recognitionis
1470 952 1731 996 secundum
1763 957 2013 996 consuetu-

274 1014 435 1058 dinem
455 1016 569 1059 ville
587 1017 799 1072 predicte
824 1018 872 1060 in
895 1018 1301 1075 approbationem
1318 1026 1449 1064 carte
1467 1021 1680 1077 predicte
1699 1026 1746 1065 et
1766 1021 1813 1064 in
1832 1021 2012 1065 exclus-

273 1084 435 1127 ionem
455 1084 572 1141 juris
594 1086 665 1129 sui
691 1091 737 1129 et
760 1087 989 1131 heredum
1011 1103 1204 1132 suorum
1238 1095 1474 1146 quantum
1497 1091 1559 1133 ad
1590 1105 1647 1134 ea
1671 1105 1762 1147 que
1786 1091 1834 1134 in
1858 1091 2015 1147 ipsam

271 1158 457 1197 cartam
479 1156 787 1199 continentur
809 1156 858 1199 in
881 1162 1178 1213 perpetuum.
1246 1159 1305 1202 Et
1328 1160 1540 1204 admissa
1563 1165 1633 1203 est
1651 1165 1697 1204 et
1720 1159 2017 1203 inbreviatur

270 1223 532 1267 secundum
554 1226 951 1270 consuetudinem
973 1226 1102 1271 ville.

729 1719 1051 1778 [Transcribed
1083 1722 1176 1766 and
1207 1721 1555 1778 Summarised]

330 1830 654 1887 Suthampton
685 1832 747 1875 ad
777 1833 961 1876 curiam
995 1832 1177 1877 ibidem
1213 1838 1401 1877 tentam
1438 1848 1602 1877 coram
1639 1833 1857 1878 Johanne
1895 1836 2009 1881 Pen-

270 1899 438 1944 keston
483 1905 597 1944 tunc
641 1901 834 1945 Ballivo
878 1902 1060 1946 ibidem
1104 1903 1181 1946 die
1226 1903 1393 1946 martis
1430 1903 1653 1959 proximo
1690 1908 1799 1959 post
1836 1902 2012 1947 festum

269 1969 435 2013 Sancti
462 1970 594 2013 Fidis
616 1969 757 2014 Anno
782 1971 938 2029 Regni
965 1972 1111 2030 Regis
1136 1972 1333 2016 Ricardi
1360 1969 1419 2015 IId
1442 1970 1624 2015 xviim.2

331 2080 406 2124 Ad
427 2082 554 2125 hunc
584 2082 713 2126 diem
747 2088 979 2127 venerunt
1013 2083 1255 2127 Johannes
1291 2081 1523 2127 Forester3
1562 2084 1619 2128 de
1657 2084 1927 2141 Romeseya
1965 2089 2012 2128 et

272 2149 520 2194 Elisabeth
554 2166 673 2195 uxor
705 2152 806 2195 eius
836 2157 883 2196 et
911 2152 1155 2210 Johannes
1189 2151 1385 2210 Bigard4
1423 2153 1480 2196 de
1514 2152 1871 2210 Suthamptona
1908 2168 2009 2210 pre-

270 2219 402 2263 dicta
456 2225 503 2263 et
556 2220 858 2277 protulerunt
902 2236 1066 2265 coram
1111 2221 1329 2266 &Valtero
1374 2222 1537 2279 Longe
1582 2227 1696 2266 tunc
1738 2223 1921 2266 maiore
1964 2228 2012 2267 et

270 2289 487 2345 predicto
512 2289 704 2334 Ballivo
728 2296 774 2334 et
796 2290 1114 2335 sectatoribus
1141 2291 1270 2335 curie
1300 2306 1448 2335 unam
1477 2295 1664 2335 cartam
1696 2290 2011 2336 Feoffamenti

271 2358 406 2401 cuius
448 2363 584 2402 tenor
630 2360 857 2415 sequitur,
903 2365 990 2404 etc.
1087 2360 1254 2403 Sciant
1301 2365 1542 2416 presentes
1590 2364 1638 2404 et
1685 2359 1832 2404 futuri
1882 2361 2012 2417 quod

271 2441 357 2470 nos
399 2426 641 2484 Johannes
689 2428 732 2472 le
784 2428 999 2472 Forester
1052 2429 1110 2472 de
1166 2428 1436 2485 Romeseya
1484 2434 1532 2472 et
1585 2429 1839 2472 Elizabeth
1892 2444 2013 2473 uxor

273 2509 380 2538 mea
414 2496 748 2550 concessimus,
780 2502 884 2550 eto,
914 2497 1122 2541 Johanni
1163 2498 1340 2555 Bigard
1378 2498 1436 2542 de
1471 2497 1829 2554 Suthamptona
1864 2513 2011 2542 unam

273 2565 575 2621 mesuagium
617 2580 727 2609 cum
769 2567 1050 2624 curtillagio
1094 2571 1142 2610 et
1193 2582 1290 2610 uno
1342 2566 1611 2610 columbari
1660 2582 1870 2611 unacum
1914 2582 2010 2611 uno

271 2648 445 2689 campo
469 2639 643 2678 vocato
677 2634 972 2679 Bradecroft5
1004 2651 1115 2680 cum
1153 2635 1376 2680 omnibus
1413 2637 1509 2680 suis
1542 2636 1853 2693 pertinenciis
1886 2636 2010 2680 infra

273 2701 546 2746 libertatem
571 2703 685 2747 ville
708 2704 1061 2762 Suthamptone
1091 2705 1304 2762 predicte
1342 2710 1484 2762 prout
1516 2706 1663 2749 muris
1685 2706 1777 2749 viis
1805 2710 1853 2749 et
1884 2705 2010 2748 haiis

386 2905 395 2925 1
414 2904 528 2935 Frlday,
542 2904 698 2930 December
711 2904 769 2936 eth,
784 2906 855 2931 1392.

386 2972 397 2991 2
411 2970 553 3003 Tuesday‚
566 2971 691 2997 October
704 2971 763 3003 71211,
776 2972 847 2997 1393.

385 3038 398 3058 8
412 3036 497 3063 John
519 3037 674 3069 Forester,
696 3045 729 3064 or
750 3038 777 3065 le
800 3039 948 3066 Forester
967 3039 1004 3072 of
1021 3040 1159 3072 Romsey,
1181 3040 1204 3066 is
1224 3040 1367 3072 probably
1385 3040 1524 3066 identical
1547 3039 1621 3065 with
1645 3038 1696 3064 the
1716 3038 1796 3064 John
1819 3038 1922 3064 Foster
1946 3039 1977 3064 of

308 3078 433 3109 Romsey
452 3079 519 3103 who
537 3079 567 3104 in
590 3081 653 3105 1377
674 3080 790 3106 formed
811 3087 865 3106 one
883 3082 913 3107 of
934 3081 984 3107 the
1004 3082 1188 3108 commission
1208 3083 1240 3107 to
1261 3082 1376 3113 inquire
1396 3082 1460 3108 into
1481 3081 1531 3107 the
1550 3080 1708 3113 complaint
1725 3080 1755 3105 of
1773 3080 1824 3106 the
1845 3080 1929 3106 Prlor
1947 3081 1977 3106 of

307 3118 347 3144 St.
360 3120 457 3151 Denys
471 3119 536 3145 that
549 3120 598 3145 the
612 3121 700 3146 latter
713 3128 750 3147 no
763 3122 866 3153 longer
878 3123 1012 3148 received
1025 3123 1075 3149 the
1088 3129 1185 3155 penny
1198 3124 1255 3149 due
1274 3125 1305 3148 to
1323 3123 1373 3148 the
1386 3123 1485 3154 priory
1498 3129 1535 3148 on
1548 3128 1637 3153 every
1650 3122 1704 3147 tun
1717 3121 1746 3147 of
1759 3121 1833 3147 wine
1847 3121 1976 3153 brought
