2212 3408
66 1825 143 1858 Fol.
164 1824 246 1857 XXI
261 1825 303 1859 Β.

389 102 473 146 152
970 103 1064 133 THE
1098 103 1255 134 BLACK
1290 104 1414 134 BOOK

910 262 1010 306 Fol.
1046 262 1161 306 XXI
1199 260 1482 320 (continued).

323 361 514 407 Thoma
560 364 877 423 Midlyngton,
925 365 1133 409 Henrico
1179 364 1427 421 Holewey‚
1474 363 1743 408 willielmo
1787 364 1978 421 Overay
2022 369 2069 408 et

323 432 591 477 Willielmo
645 433 822 491 Nycoll
877 440 990 478 tunc
1046 434 1260 479 eiusdem
1313 434 1431 478 ville
1484 433 1823 487 aldremannis,
1878 432 2069 477 Thoma

325 501 515 559 Regald
554 508 602 546 et
633 502 825 547 Thoma
861 503 1082 548 Armorer
1121 509 1234 548 tunc
1274 503 1453 547 ibidem
1494 503 1695 546 Ballivis
1732 503 1874 547 Petro
1907 502 2070 561 Jamys

323 575 437 614 tunc
475 571 604 616 dicte
637 572 751 615 ville
784 573 1062 625 senescallo,
1087 572 1356 616 Willielmo
1395 573 1588 628 Sopare,
1613 573 1830 616 Johanne
1854 572 2069 625 Mascass,

324 639 612 696 Reymundo
638 641 803 698 Clyve,
828 642 1044 685 Waltero
1071 642 1299 698 Fetplace
1323 646 1372 685 et
1394 642 1561 686 multis
1584 642 1707 685 aliis.
1775 642 1905 685 Data
1940 642 2070 698 apud

321 710 731 766 Suthamptonam
765 711 1036 766 predictam
1060 711 1137 754 die
1162 711 1345 754 veneris
1368 711 1578 754 secundo
1606 710 1683 754 die
1707 710 1882 754 mensis
1905 710 2069 753 martii

322 777 462 821 Anno
485 779 618 835 regni
646 778 792 836 Regis
817 780 1010 823 Henrici
1036 780 1193 836 quinti
1218 785 1326 836 post
1349 784 1665 836 conquestum
1682 778 1858 837 Anglie
1882 776 2070 836 primo.1

322 845 510 905 Quibus
553 847 750 904 quidem
795 848 1062 892 indenturis
1104 849 1333 906 predictis
1375 849 1584 905 publice,
1629 853 1734 901 etc.‚
1774 849 1925 901 lectis,
1965 853 2069 900 eto,

321 915 604 972 prefataque
637 916 787 960 Lucia
821 917 939 970 sola,
977 923 1080 971 eto,
1118 919 1414 971 examinata,
1443 923 1643 962 onerata
1678 923 1725 962 et
1758 917 1933 975 jurata,
1965 922 2069 970 eto,

320 984 513 1038 fatetur,
547 991 651 1038 eto,
688 987 905 1042 predicta
943 988 1122 1044 scripta
1157 988 1412 1031 indentata
1451 1002 1548 1031 esse
1583 986 1715 1031 facta
1753 1002 1852 1040 sua,
1884 991 1988 1039 etc.‚
2023 991 2070 1030 et

321 1055 444 1111 petit
468 1055 637 1098 eadem
661 1058 838 1112 scripta
862 1056 1116 1100 indentata
1139 1057 1218 1101 hic
1243 1057 1516 1110 inbreviari,
1541 1061 1646 1110 etc.‚
1670 1057 1718 1099 in
1743 1056 2070 1100 exclusionem

320 1123 436 1180 juris
458 1125 530 1168 sui
555 1125 769 1168 eiusdem
794 1127 938 1169 Lucie
970 1131 1017 1169 et
1050 1127 1277 1170 heredum
1311 1141 1503 1170 suorum
1536 1141 1621 1183 pro
1656 1127 1862 1170 termino
1893 1125 2068 1183 viginti

321 1208 556 1237 annorum
586 1194 806 1250 predicto
836 1196 1096 1238 secundum
1131 1194 1340 1239 formam
1373 1201 1419 1239 et
1453 1200 1670 1239 tenorem
1706 1195 2067 1239 indenturarum

319 1263 660 1319 predictarum,
692 1268 797 1317 eto,
830 1269 877 1308 et
914 1279 1189 1309 concessum
1223 1270 1293 1309 est
1326 1266 1385 1319 ei,
1420 1263 1544 1318 etc.,²
1573 1265 1835 1309 secundum
1873 1278 2067 1308 consue-

321 1333 553 1386 tudinem,
579 1338 684 1387 etc.‚
709 1338 757 1377 et
779 1348 918 1391 super
939 1334 1044 1388 hoc,
1070 1333 1178 1379 etc?

781 1701 1106 1760 [Transcribed
1138 1703 1231 1747 and
1263 1701 1611 1759 Summarised]

383 1813 743 1870 Suthamptona
795 1814 928 1857 curia
979 1814 1250 1858 communis
1304 1814 1490 1858 domini
1547 1813 1695 1871 Regis
1748 1817 1885 1857 tenta
1937 1813 2068 1869 apud

321 1882 729 1939 Suthamptonam
774 1898 937 1927 coram
981 1884 1200 1927 Johanne
1245 1883 1428 1940 Beneyt
1482 1888 1596 1927 tunc
1650 1882 1832 1926 ibidem
1886 1882 2068 1925 maiore

321 1953 436 1996 ville
471 1953 839 2009 Suthamptone,
875 1951 1069 1996 Thoma
1104 1952 1327 1996 Armorer
1360 1958 1407 1996 et
1442 1951 1634 1996 Thoma
1664 1951 1854 2009 Regald
1885 1951 2066 1995 ibidem

321 2027 434 2066 tunc
459 2022 675 2075 Ballivis,
702 2024 842 2066 Petro
866 2023 1028 2079 Jamys
1051 2022 1114 2066 ad
1138 2028 1252 2066 tunc
1280 2022 1462 2066 ibidem
1486 2021 1775 2074 Senescallo,
1800 2021 1878 2064 die
1902 2021 2069 2064 martis

321 2091 544 2147 proximo
567 2096 677 2147 post
700 2091 1172 2147 quintumdecimum
1206 2092 1335 2135 diem
1369 2091 1545 2135 mensis
1567 2090 1747 2147 Aprilis
1776 2105 1905 2134 anno
1934 2091 2066 2146 regni

321 2160 445 2217 regis
471 2159 666 2203 Henrici
691 2160 849 2216 quinti
873 2165 982 2217 post
1005 2166 1323 2217 conquestum
1345 2159 1522 2218 Anglie
1544 2156 1786 2204 secundo.3

383 2269 459 2314 Ad
496 2270 622 2313 hunc
661 2270 790 2313 diem
830 2275 877 2314 et
921 2271 984 2314 ad
1022 2272 1148 2315 hanc
1190 2272 1376 2316 curiam
1414 2276 1660 2324 venerunt,
1706 2276 1810 2324 eto,
1854 2269 2068 2314 Thomas

325 2339 628 2396 Midlyngton
654 2340 909 2397 Burgensis
931 2341 1046 2384 ville
1070 2341 1423 2398 Suthamptone
1448 2346 1494 2384 et
1521 2342 1790 2397 Margareta
1813 2354 1931 2383 uxor
1954 2340 2068 2392 eius,

324 2415 427 2460 eto,
473 2413 521 2451 et
563 2409 879 2464 protulerunt,
920 2414 1024 2463 etc„
1064 2411 1299 2466 quasdam
1344 2416 1501 2453 cartas
1545 2410 1822 2453 indentatas
1865 2423 2066 2465 quarum

324 2484 461 2521 tenor
492 2478 719 2534 sequitur,
754 2483 842 2522 etc.
910 2480 1010 2522 Hec
1043 2479 1299 2523 indentura
1338 2484 1543 2524 testatur
1575 2479 1704 2535 quod
1737 2493 1824 2522 nos
1855 2477 2070 2521 Thomas

327 2547 648 2604 Midlyngton,
673 2554 778 2600 eto,
803 2552 850 2591 et
875 2548 1148 2606 Margareta
1178 2564 1295 2592 uxor
1330 2563 1438 2592 mea
1472 2548 1705 2601 dedimus,
1731 2552 1834 2600 eto,
1858 2547 2067 2591 Johanni

328 2616 548 2660 Renawd
597 2616 809 2660 eiusdem
854 2617 970 2660 ville
1013 2617 1349 2674 comburgensi
1394 2623 1442 2662 et
1486 2617 1763 2661 Clemencie
1806 2616 1943 2660 uxori
1988 2630 2068 2659 sue

327 2690 483 2729 toturn
523 2685 645 2728 illud
685 2686 926 2743 integrum
964 2692 1295 2731 tenementum
1333 2692 1549 2731 nostrum
1584 2691 1813 2730 vocatum
1852 2685 1895 2729 le
1929 2685 2066 2729 Bole-

326 2753 474 2798 halle4
511 2754 747 2798 situatum
784 2755 833 2798 in
873 2755 993 2799 villa
1032 2756 1250 2812 predicta
1293 2756 1342 2800 in
1385 2756 1618 2813 parochia
1660 2754 1859 2799 ecclesie
1902 2753 2068 2798 Sancti

410 2956 418 2975 1
437 2954 552 2985 Friday,
566 2955 666 2980 March
680 2955 745 2986 211d,
759 2956 833 2981 1414.

409 3007 421 3025 2
437 3005 498 3031 Sic*
533 3005 578 3030 No
591 3006 720 3030 mention
734 3006 764 3030 ot
776 3005 827 3030 the
839 3006 932 3037 livery
946 3006 976 3030 of
988 3007 1082 3031 seisin.

409 3064 422 3084 3
436 3063 519 3094 April
534 3062 606 3094 15th,
621 3064 694 3088 1414.

411 3122 422 3142 4
437 3121 480 3147 Le
491 3120 657 3152 Bolehalle,
669 3127 701 3146 ot·
709 3122 800 3152 Bugle
809 3122 884 3153 11:111,
892 3122 975 3148 stood
986 3123 1014 3148 in
1025 3122 1116 3153 Bugle
1126 3123 1229 3154 Street‚
1239 3123 1338 3154 nearly
1349 3123 1479 3155 opposite
1491 3122 1541 3148 the
1554 3123 1633 3154 place
1643 3122 1738 3148 where
1748 3121 1788 3147 St.
1797 3120 1927 3153 Joseph's
1936 3120 2051 3146 Chul-ch
