2212 3408
424 95 508 149 156
1000 107 1094 137 THE
1128 106 1285 138 BLAcK
1321 108 1446 138 BOOK

930 290 1029 333 Fol.
1066 290 1204 333 XXII
1240 289 1526 346 (continued).

357 399 479 443 illud
513 415 622 444 cum
657 400 880 444 omnibus
914 406 961 444 et
994 401 1197 458 singulis
1224 402 1534 458 pertinenciis
1557 402 1653 445 suis
1676 402 1835 446 seisire
1858 402 2033 446 habere
2057 407 2103 446 et

359 475 516 513 tenere
555 484 612 513 ac
644 470 692 513 in
728 485 846 526 pace
885 471 1126 526 possidere
1164 471 1517 527 imperpetuum
1555 472 1647 514 hac
1681 476 1815 515 carta
1849 472 2103 515 indentata

357 539 407 582 in
442 539 610 595 aliquo
645 554 741 582 non
777 538 1014 583 obstante.
1082 540 1142 583 Et
1172 555 1257 583 nos
1286 539 1461 596 prefati
1487 539 1701 584 Thomas
1725 541 2031 598 Midlyngton
2056 546 2103 584 et

359 610 628 666 Margareta
664 624 784 652 uxor
821 624 944 662 mea,
982 614 1086 661 etc.,
1125 615 1283 653 totum
1321 609 1442 652 illud
1479 610 1717 666 integrum
1759 615 2102 662 tenementum,

358 683 462 730 etc.,
500 678 644 721 modo
684 682 731 721 et
769 676 923 720 forma
957 678 1302 733 predeclaratis
1334 677 1534 734 prefatis
1563 678 1770 735 Johanni
1803 678 2021 721 Renawd
2056 684 2103 722 et

359 746 636 790 Clemencie
680 747 816 789 uxori
861 761 942 790 sue
986 746 1240 790 heredibus
1283 753 1330 790 et
1374 748 1633 804 assignatis
1676 748 1825 804 ipsius
1873 748 2104 803 Johannis

357 822 525 859 contra
563 830 729 858 omnes
765 821 930 873 gentes
968 815 1411 869 warantizabimus,
1448 821 1536 859 etc.
1616 817 1665 859 In
1702 819 1835 860 cuius
1870 818 1934 860 rei
1971 819 2100 860 testi-

357 887 574 928 monium
618 900 704 928 nos
752 884 925 941 prefati
970 883 1184 930 Thomas
1230 885 1535 943 Midlyngton
1579 891 1627 929 et
1672 888 1941 943 Margareta
1985 901 2103 929 uxor

357 970 465 998 mea
504 956 585 998 uni
624 956 749 1010 parti
787 955 958 998 harum
997 954 1360 998 indenturarum
1404 969 1547 1012 penes
1585 954 1796 1011 prefatos
1833 955 2102 999 Johannem

360 1023 577 1067 Renawd
606 1028 653 1067 et
678 1023 1009 1067 Clemenciam
1037 1038 1235 1067 uxorem
1265 1038 1402 1068 suam
1435 1026 1701 1068 remanenti
1736 1023 1908 1082 Sigilla
1941 1030 2103 1068 nostra

357 1095 680 1150 apposuimus.
766 1092 917 1136 Alteri
962 1095 1043 1136 uni
1087 1095 1213 1150 parti
1257 1108 1400 1150 penes
1443 1092 1655 1150 prefatos
1699 1092 1943 1137 Thomam
1983 1094 2100 1138 Mid-

357 1163 560 1219 lyngton
620 1167 668 1205 et
729 1164 1051 1219 Margaretam
1113 1177 1311 1206 uxorem
1369 1177 1506 1206 suam
1571 1164 1838 1206 remanenti
1901 1163 2103 1219 predicti

356 1232 599 1275 Johannes
638 1232 854 1274 Renawd
891 1237 937 1275 et
975 1231 1257 1275 Clemencia
1295 1247 1416 1275 uxor
1448 1246 1534 1275 sua
1569 1232 1730 1289 sigilla
1769 1246 1854 1276 sua
1897 1246 2101 1289 apposu-

357 1306 506 1345 erunt.
589 1300 649 1344 Et
687 1300 749 1343 ad
789 1303 1022 1344 maiorem
1065 1302 1204 1345 huius
1247 1303 1311 1344 rei
1351 1303 1659 1344 securitatem
1703 1300 1975 1344 faciendam
2018 1316 2105 1344 nos

356 1371 590 1414 antedicti
613 1368 830 1413 Thomas
859 1370 1163 1427 Midlyngton
1199 1375 1245 1414 et
1281 1372 1551 1428 Margareta
1585 1385 1704 1414 uxor
1736 1385 1845 1414 mea
1879 1370 2103 1428 Sigillum

357 1439 520 1484 Officii
559 1439 826 1483 maioratus
862 1439 980 1483 ville
1018 1439 1373 1496 Suthamptone
1408 1439 1627 1497 partibus
1658 1440 1830 1483 harum
1860 1440 2103 1484 indentur-

355 1524 493 1553 arum
535 1508 761 1552 similiter
802 1509 983 1566 apponi
1032 1510 1407 1566 procuravimus.
1497 1509 1606 1553 Hiis
1648 1509 1852 1553 testibus
1889 1510 2105 1553 Johanne

357 1579 528 1623 Beneit
562 1583 676 1622 tunc
709 1578 892 1622 maiore
917 1578 1031 1622 ville
1054 1578 1408 1636 Suthamptone
1431 1579 1646 1636 predicte
1669 1577 1861 1622 Thoma
1883 1577 2106 1622 Armorer

357 1653 406 1692 et
441 1646 634 1691 Thoma
674 1647 862 1704 Regald
900 1647 1084 1692 ibidem
1123 1653 1238 1692 tunc
1274 1648 1473 1692 ballivis
1512 1648 1656 1692 Petro
1692 1649 1854 1705 Jamys
1892 1647 1955 1691 ad
1990 1652 2105 1691 tunc

357 1716 540 1761 ibidem
603 1716 877 1760 Senescallo
948 1717 1161 1761 Ricardo
1230 1718 1493 1775 Bradewey
1556 1717 1825 1761 Willielmo
1893 1716 2105 1774 Nycholl

356 1786 625 1830 Willielmo
666 1786 975 1830 Raveneston
1013 1786 1282 1831 Willielmo
1320 1785 1537 1844 Tangele
1579 1787 1790 1830 Ricardo
1830 1785 2021 1830 Pafford
2056 1791 2104 1829 et

356 1857 479 1900 aliis.
549 1856 678 1899 Data
701 1856 831 1911 apud
854 1855 1266 1913 Suthamptonam
1293 1857 1563 1913 predictam
1596 1857 1768 1912 quinto
1802 1856 1992 1899 decimo
2026 1855 2104 1899 die

357 1926 532 1970 mensis
555 1924 736 1981 Aprilis
758 1924 898 1969 Anno
921 1926 1055 1982 regni
1080 1926 1204 1983 regis
1229 1926 1425 1969 Hernici
1457 1926 1616 1982 quinti
1650 1930 1759 1981 post
1788 1929 2103 1981 conquestum

356 1995 566 2039 secundo
591 1993 731 2038 Anno
755 1995 940 2037 domini
966 1995 1228 2038 millesimo
1255 1998 1414 2039 ccccm‘*
1444 2001 1616 2051 quarto
1647 1995 1849 2037 decimo.
1916 1993 2104 2052 Quibus

358 2064 554 2121 quidem
602 2064 868 2107 indenturis
911 2064 1141 2120 predictis
1185 2064 1380 2121 publice
1427 2065 1474 2107 in
1520 2064 1666 2121 plena
1711 2064 1844 2107 curia
1886 2063 2103 2119 predicta

358 2134 510 2187 lectis,
529 2140 633 2186 etc.,
654 2132 937 2190 prefataque
957 2135 1227 2191 Margareta
1250 2134 1354 2177 sola
1378 2134 1488 2177 inde
1512 2148 1676 2177 coram
1698 2132 1898 2189 prefatis
1922 2133 2102 2175 maiore

359 2209 405 2247 et
445 2203 662 2256 Ballivis,
696 2207 801 2256 etc.,
837 2203 1120 2246 examinata
1163 2209 1364 2247 onerata
1402 2209 1449 2247 et
1491 2203 1653 2259 jurata
1690 2202 1952 2245 secundum
1989 2216 2099 2245 con-

358 2272 662 2316 suetudinem
686 2272 801 2315 ville
825 2272 1037 2328 predicte
1060 2271 1252 2325 fatetur,
1277 2278 1382 2325 etc.,
1406 2273 1623 2329 predicta
1646 2272 1824 2327 scripta
1849 2271 2102 2314 indentata

359 2357 456 2385 esse
480 2341 611 2384 facta
633 2356 732 2394 sua,
758 2346 862 2393 etc.,
887 2346 933 2384 et
955 2342 1079 2397 petit
1104 2342 1275 2385 eadem
1304 2342 1482 2398 scripta
1515 2341 1769 2384 indentata
1803 2341 1881 2383 hic
1916 2339 2099 2383 inbrev-

358 2411 462 2463 iari,
495 2415 599 2462 etc.,
633 2411 680 2452 in
712 2410 1038 2453 exclusionem
1072 2410 1190 2466 juris
1224 2425 1318 2464 sue,
1343 2416 1448 2464 etc.,
1472 2411 1601 2467 quod
1636 2424 1912 2453 concessum
1946 2413 2016 2451 est
2043 2407 2100 2451 ei.

360 2481 419 2524 Et
452 2495 590 2537 super
622 2481 713 2523 hoc
748 2494 974 2523 concessa
1008 2486 1077 2524 est
1107 2481 1284 2524 seisina
1313 2481 1530 2537 predicto
1556 2480 1765 2523 Johanni
1803 2477 2019 2521 Renawd
2054 2481 2102 2521 et

361 2549 638 2593 Clemencie
672 2549 810 2592 uxori
841 2563 921 2592 sue
956 2549 1210 2593 heredibus
1249 2555 1295 2593 et
1330 2550 1589 2607 assignatis
1627 2548 1839 2592 eiusdem
1869 2546 2102 2590 Johannis

359 2624 501 2676 prout
524 2618 573 2661 in
596 2618 741 2661 cartis
764 2617 1029 2661 indentatis
1061 2619 1289 2675 predictis
1321 2619 1510 2676 plenius
1542 2618 1816 2661 continetur
1841 2614 2102 2659 secundum

359 2687 757 2732 consuetudinem
780 2687 909 2731 ville.
