2212 3408
353 143 410 200 58
935 154 1029 185 THE
1063 153 1220 185 BLAcx
1254 154 1379 186 Boox

859 304 960 348 Fol.
994 304 1080 348 VII
1106 304 1143 348 B
1178 301 1461 362 (continued).

290 407 475 452 dictum
498 412 823 452 tenementum
848 406 1150 464 appellatum
1171 406 1569 450 Boteleriscorner
1592 420 1649 450 ex
1670 411 1805 463 parte
1829 407 2028 451 australi

291 482 338 521 et
381 477 706 535 messuagium
754 477 1000 534 quondam
1046 475 1248 520 Isabelle
1292 476 1517 519 Balnaire
1561 490 1618 519 ex
1660 480 1795 532 parte
1837 475 2027 520 boriali.

292 545 627 590 Concessimus
668 546 868 589 ulterius
910 545 1127 602 predicto
1169 543 1356 588 Thome
1399 545 1646 601 quoddam
1700 549 2029 589 tenementum

287 616 551 659 scituatum
604 615 653 658 in
696 615 817 657 villa
859 614 1076 670 predicta
1115 614 1163 656 in
1201 614 1432 670 parochia
1476 613 1638 657 Sancti
1686 613 1935 657 Michaelis
1978 615 2027 657 in

287 683 404 728 fforo
427 681 540 728 feni1
571 699 629 727 ex
659 689 795 740 parte
824 683 1024 726 australi
1061 682 1275 726 eiusdem
1309 682 1506 726 ecclesie
1542 682 1665 726 inter
1700 687 2027 727 tenementum

287 754 517 796 Johannis
561 751 770 797 Garston
819 767 878 795 ex
930 756 1066 807 parte
1110 751 1334 794 orientali
1381 756 1427 794 et
1473 756 1801 795 tenementum
1847 751 2025 809 Rogeri

288 821 498 866 Claidon
537 836 595 864 ex
632 826 768 878 parte
807 820 1115 864 occidentali.
1213 819 1547 863 Concessimus
1582 821 1747 876 itaque
1782 822 2027 877 sepedicto

284 890 470 935 Thome
501 891 596 934 duo
629 891 826 947 cotagia
862 904 1052 933 annexa
1085 889 1295 933 scituata
1330 890 1377 932 in
1410 888 1639 932 suburbio
1670 890 1784 933 ville
1815 891 2027 946 predicte

284 961 333 1004 in
358 961 587 1017 parochia
606 959 841 1004 Omnium
864 961 1148 1003 Sanctorum
1172 959 1221 1001 in
1245 959 1353 1002 vico
1376 963 1552 1002 vocato
1577 959 1732 1001 Estret
1755 959 1802 1001 in
1826 960 2024 1002 australi

283 1036 418 1086 parte
442 1030 560 1073 dicti
585 1030 680 1073 vici
716 1029 839 1072 inter
871 1029 1196 1085 messuagium
1229 1028 1474 1084 quondam
1502 1028 1733 1071 Johannis
1757 1028 2027 1085 Polymond

284 1114 340 1142 ex
378 1104 514 1155 parte
553 1097 846 1142 occidentali
884 1102 930 1141 et
962 1097 1286 1154 messuagium
1325 1097 1572 1153 quondam
1606 1096 1837 1140 Johannis
1871 1095 2026 1154 Towy

284 1184 341 1212 ex
364 1174 500 1225 parte
524 1168 764 1211 orientali.
831 1167 890 1210 Et
915 1167 1181 1210 extendunt
1203 1181 1251 1209 se
1275 1167 1407 1209 dicta
1440 1166 1637 1223 cotagia
1670 1181 1779 1209 cum
1814 1167 2028 1223 gardinis

283 1238 621 1281 adiacentibus
655 1252 684 1280 a
723 1237 855 1280 dicto
894 1237 1002 1279 vico
1038 1236 1096 1279 de
1132 1235 1288 1278 Estret
1321 1250 1468 1291 usque
1502 1234 1693 1278 {fossam
1728 1235 1785 1278 de
1824 1235 2024 1279 lillebon

284 1322 340 1350 ex
363 1312 498 1363 parte
532 1306 746 1351 australi.
814 1305 1150 1349 Concessimus
1184 1305 1339 1347 eciam
1374 1304 1623 1347 antedicto
1655 1302 1842 1347 Thome
1876 1319 2021 1348 unum

282 1377 532 1433 cotagium
566 1391 675 1420 cum
710 1375 912 1433 gardino
952 1374 1196 1417 adiacenti
1232 1374 1494 1417 scituatum
1530 1373 1580 1415 in
1615 1373 1771 1416 Estret
1808 1374 2026 1429 predicto

283 1445 332 1488 in
375 1446 606 1501 parochia
649 1445 848 1489 ecclesie
892 1443 1033 1487 beate
1081 1443 1227 1486 Marie
1272 1443 1320 1485 in
1364 1447 1499 1498 parte
1542 1441 1718 1485 boriali
1763 1442 1857 1485 vici
1903 1443 2026 1486 inter

282 1516 607 1572 messuagium
644 1514 935 1571 precentoris
973 1512 1186 1556 eiusdem
1225 1512 1423 1555 ecclesie
1462 1526 1518 1555 ex
1558 1516 1694 1567 parte
1733 1511 2025 1555 occidentali

281 1589 328 1628 et
360 1589 688 1628 tenementum
717 1582 973 1626 willielmi
1011 1579 1189 1637 Payne2
1224 1595 1282 1624 ex
1315 1586 1450 1637 parte
1490 1581 1729 1624 orientali.
1797 1580 2023 1625 Concess-

281 1653 405 1698 imus
442 1654 641 1697 ulterius
678 1653 955 1709 supradicto
993 1650 1180 1694 Thome
1218 1665 1365 1693 unam
1404 1665 1610 1694 vacuam
1648 1650 1870 1706 placeam
1905 1655 2024 1694 terre

279 1737 390 1767 cum
440 1723 536 1767 suis
586 1722 895 1779 pertinenciis
945 1721 1208 1764 scituatam
1260 1719 1308 1762 in
1359 1719 1587 1763 suburbio
1641 1719 1757 1763 ville
1810 1720 2024 1775 predicte

281 1793 403 1836 inter
456 1793 552 1836 duo
605 1791 885 1835 molendina
940 1789 1209 1833 ventritica.
1318 1788 1607 1832 Habendum
1663 1793 1709 1832 et
1763 1789 2023 1832 tenendum

279 1862 444 1906 omnia
487 1862 705 1918 predicta
749 1864 1040 1912 tenementa,
1086 1858 1372 1914 messuagia‚
1418 1863 1522 1910 etc.,
1569 1858 1785 1914 predicto
1833 1857 2024 1902 Thoma

277 1931 531 1975 heredibus
574 1936 621 1974 et
654 1930 913 1988 assignatis
945 1929 1041 1972 suis
1084 1929 1133 1971 in
1168 1933 1450 1983 perpetuum
1490 1927 1547 1970 de
1586 1927 1787 1983 capitali
1825 1927 2024 1972 domino

279 2000 408 2044 feodi
452 2001 584 2044 illius
628 2015 711 2056 per
758 1999 960 2043 servicia
1009 1997 1120 2041 inde
1169 1997 1350 2049 debita,
1406 2001 1493 2040 etc,
1594 1996 1859 2040 Reddendo
1914 1997 2024 2040 inde

280 2070 535 2114 annuatim
602 2069 742 2113 nobis
810 2073 857 2112 et
925 2067 1179 2111 heredibus
1248 2067 1420 2110 nostris
1486 2066 1769 2110 durantibus
1833 2071 2024 2110 tantum

278 2140 446 2196 primis
489 2139 654 2183 decem
698 2138 836 2182 annis
881 2137 1163 2180 immediate
1206 2134 1515 2192 sequentibus
1557 2141 1665 2191 post
1708 2135 1877 2179 datam
1921 2150 2021 2191 pre-

278 2209 486 2252 sentium
536 2208 713 2265 viginti
767 2207 915 2250 libras
968 2206 1306 2262 sterlingorum
1357 2204 1418 2247 ad
1468 2205 1587 2248 duos
1632 2205 1746 2248 anni
1794 2205 2023 2248 terminos

279 2277 507 2320 videlicet
560 2277 623 2320 ad
676 2276 798 2319 festa
851 2275 1026 2331 pasche
1087 2279 1134 2317 et
1197 2273 1448 2317 Michaelis
1508 2273 1643 2329 equis
1701 2272 2020 2329 porcionibus.

281 2345 341 2389 Et
378 2346 417 2389 si
455 2346 710 2402 contingat
749 2345 934 2388 dictum
970 2343 1212 2387 redditum
1252 2343 1299 2384 in
1338 2348 1475 2398 parte
1515 2342 1590 2385 vel
1628 2343 1675 2385 in
1715 2347 1820 2385 toto
1856 2341 1955 2385 fore
1993 2357 2022 2385 a

278 2420 403 2458 retro
426 2429 522 2458 non
545 2415 757 2458 solutum
790 2428 871 2469 per
902 2413 1019 2456 duas
1050 2426 1233 2455 menses
1263 2417 1371 2467 post
1409 2410 1553 2454 finem
1587 2411 1793 2455 alicuius
1827 2411 2021 2454 termini

280 2489 456 2527 extunc
493 2483 612 2527 bene
651 2484 798 2526 liceat
836 2481 975 2525 nobis
1014 2486 1061 2524 et
1098 2479 1352 2524 heredibus
1390 2481 1564 2524 nostris
1603 2481 1768 2524 omnia
1804 2480 2022 2536 predicta

280 2558 570 2606 tenementa,
615 2552 903 2608 messuagia,
949 2556 1053 2603 eto,
1100 2549 1283 2606 ingredi
1332 2554 1379 2593 et
1424 2550 1470 2592 in
1516 2550 1696 2593 eisdem
1740 2549 2022 2606 distringere

280 2622 702 2678 districcionesque
736 2621 918 2664 ibidem
949 2620 1168 2663 inventas
1201 2633 1369 2675 capere
1403 2624 1648 2675 asportare
1681 2624 1729 2662 et
1761 2632 1904 2675 penes
1936 2633 2022 2662 nos

278 2692 480 2736 retinere
503 2692 654 2735 donec
678 2691 735 2734 de
760 2690 949 2733 redditu
973 2703 1002 2732 a
1028 2695 1153 2732 retro
1187 2689 1421 2731 existente
1456 2687 1670 2744 plenarie
1705 2686 1843 2731 nobis
1877 2686 2021 2730 suerit

278 2761 595 2805 satisfactum.
693 2760 753 2804 Et
807 2760 846 2803 si
910 2759 1109 2802 ulterius
1162 2757 1421 2814 contigerit
1475 2756 1715 2813 prefatum
1778 2756 2019 2799 redditum

277 2831 452 2887 viginti
477 2829 708 2874 librorum
740 2830 788 2872 in
819 2833 954 2885 parte
989 2827 1065 2870 vel
1105 2827 1153 2870 in
1188 2831 1293 2870 toto
1333 2825 1456 2869 infra
1492 2826 1750 2869 terminum
1780 2825 2019 2869 dictorum

279 2899 444 2943 decem
487 2913 724 2943 annorum
766 2897 865 2942 fore
909 2901 1064 2941 aretro
1107 2911 1203 2940 non
1246 2895 1458 2939 solutum
1511 2909 1594 2951 per
1636 2908 1782 2938 unum
1837 2908 2018 2937 annum

392 3058 403 3078 1
420 3057 478 3083 “In
491 3058 555 3083 foro
568 3058 627 3083 feni
636 3057 651 3068 ”
673 3056 755 3090 (sie).
791 3057 805 3082 I
817 3063 870 3083 can
883 3056 945 3082 find
959 3062 997 3081 no
1009 3055 1096 3082 other
1114 3055 1245 3081 mention
1257 3055 1288 3080 of
1299 3061 1316 3080 a
1328 3053 1506 3086 haymarket
1520 3059 1591 3079 near
1604 3052 1643 3079 St.
1655 3051 1817 3082 Michael'53
1838 3051 1888 3079 the
1901 3052 1983 3079 word

312 3099 328 3112 ‘⁴
337 3099 396 3125 toni
405 3098 420 3109 '¹
438 3105 506 3131 may
518 3099 645 3131 possibly
657 3099 692 3125 be
704 3106 720 3125 a
733 3099 818 3130 hasty
830 3104 913 3124 error
925 3098 955 3123 of
967 3097 1018 3123 the
1030 3097 1122 3123 scribe
1135 3097 1181 3122 for
1199 3096 1214 3109 ‘⁴
1224 3095 1319 3128 pisci.‘¹

392 3168 404 3188 2
427 3165 564 3193 Willirzm
583 3166 697 3198 Payne.
717 3164 1048 3196 marine1·(Fol.xxvli),
1060 3163 1163 3190 shared
1181 3163 1252 3188 with
1267 3162 1392 3188 William
1406 3162 1493 3193 Sopor
1512 3168 1528 3187 a
1547 3161 1652 3186 license
1670 3165 1701 3186 to
1719 3162 1822 3193 export
1843 3160 1932 3192 goods
1952 3161 1982 3186 to
