2212 3408
350 124 408 168 34
938 124 1030 153 THE
1064 123 1222 154 BLACK
1255 124 1380 154 BOOK

872 256 972 301 Fol.
1009 257 1073 301 IV
1095 257 1134 301 B
1159 255 1441 315 (continued).

292 358 563 403 Willielmo
599 359 963 414 Malmeshu11e‚1
998 361 1227 418 Philippo
1262 360 1395 405 Cake
1429 366 1475 404 et
1508 360 1674 404 multis
1708 360 1832 404 aliis.
1899 359 2029 403 Data

290 427 642 485 Suthamptone
686 430 917 474 vicesimo
966 431 1043 474 die
1093 431 1267 474 mensis
1299 430 1516 474 Januarii
1555 444 1683 473 anno
1717 429 1849 486 regni
1885 429 2030 486 Regis

290 498 484 541 Ricardi
529 499 724 542 secundi
763 498 1053 543 undecimo?
1132 498 1242 558 Qua
1285 500 1482 556 quidem
1525 505 1655 542 carta
1697 498 1824 542 lecta
1866 513 2028 541 coram

290 567 471 611 Maiore
496 568 699 611 Bellivis
722 574 768 611 et
791 568 1108 612 sectatoribus
1131 569 1259 612 curie
1287 574 1333 611 et
1364 567 1551 624 prefata
1573 568 1794 611 Johanna
1818 568 1922 611 sola
1949 581 2031 623 per

287 650 335 680 se
368 637 648 680 examinata
681 642 728 680 et
759 637 921 693 jurata
959 638 1220 681 secundum
1259 637 1655 680 consuetudinem
1688 637 1818 689 ville,
1853 635 2032 679 fatetur

286 706 412 748 hanc
434 711 620 749 cartam
643 720 740 749 esse
764 705 947 749 factum
970 721 1108 749 suum
1136 712 1183 749 et
1216 707 1345 762 quod
1368 707 1622 762 spontanie
1644 707 1769 749 hanc
1792 705 1892 749 fieri
1916 705 2030 749 fecit

290 780 337 817 et
374 774 442 817 sic
480 775 603 830 petit
641 775 796 831 ipsam
837 775 1079 818 irrotulari
1119 776 1167 817 in
1207 775 1615 831 approbacionem
1660 780 1707 818 et
1750 774 2027 818 confirmac-

291 843 451 886 ionem
484 849 613 887 carte
646 844 859 900 predicte
891 843 1031 900 juxta
1070 849 1285 887 tenorem
1324 845 1538 887 eiusdem
1577 850 1623 887 et
1662 845 1709 886 in
1749 840 2031 887 forbarram³

291 917 338 955 et
376 913 702 956 exclusionem
743 913 858 956 iuris
895 914 965 956 sui
1002 919 1048 956 et
1083 914 1311 957 heredum
1345 928 1537 956 suorum
1569 913 1780 969 ipsorum
1813 914 2029 956 omnium

291 981 339 1024 in
362 987 496 1025 carta
519 988 856 1026 contentorum
879 983 1141 1027 secundum
1163 982 1561 1027 consuetudinem
1584 982 1713 1036 ville,
1738 981 1845 1026 etc.‘l

978 1374 1079 1419 F01.
1116 1374 1180 1419 IV
1204 1377 1240 1418 B
1266 1372 1343 1432 (2).

747 1484 1069 1543 [Transcribed
1102 1486 1194 1529 and
1227 1483 1575 1542 Summavised]

350 1580 425 1624 Ad
464 1581 647 1624 curiam
687 1580 869 1624 ibidem
908 1585 1096 1624 tentam
1135 1580 1212 1624 die
1251 1581 1419 1623 martis
1452 1581 1674 1636 proximo
1711 1585 1820 1636 post
1857 1579 2032 1623 festum

288 1650 443 1694 sancti
490 1649 730 1693 Edmundi
777 1649 1003 1705 Episcopi
1048 1663 1177 1692 anno
1220 1649 1352 1705 regni
1401 1648 1548 1705 Regis
1594 1648 1792 1692 Ricardi
1837 1649 2031 1692 secundi

291 1717 441 1763 xvi¹¹³⁰⁵
464 1733 627 1762 coram
650 1718 867 1762 Johanne
895 1717 1028 1761 Flete
1053 1723 1166 1761 tunc
1192 1717 1397 1761 Ballivo.

351 1829 425 1873 Ad
463 1831 588 1873 hanc
626 1830 810 1873 curiam
849 1829 1031 1872 venerit
1071 1826 1316 1872 Emmotass
1358 1843 1476 1872 uxor
1522 1828 1717 1872 I-Ienrici
1762 1827 2032 1881 Schirborn‚

290 1900 413 1943 alias
436 1900 554 1942 dicti
580 1900 690 1955 lipsi
720 1899 776 1941 de
804 1896 1014 1942 Nettele⁷
1049 1904 1095 1941 et
1129 1898 1333 1953 protulit
1368 1913 1531 1941 coram
1561 1898 1744 1941 maiore
1772 1903 1819 1941 et
1843 1898 2034 1941 Ballivo

290 1974 337 2013 et
374 1968 693 2012 sectatoribus
735 1968 863 2011 curie
907 1982 1054 2010 unam
1092 1974 1279 2010 certam
1322 1967 1457 2010 cuius
1500 1972 1636 2010 tenor
1678 1967 1904 2023 sequitur,
1944 1973 2031 2010 etc.

290 2038 456 2082 Sciant
479 2043 717 2094 presentes
750 2043 797 2080 et
830 2036 977 2080 futuri
1015 2037 1141 2093 quod
1182 2050 1268 2079 nos
1310 2036 1543 2079 Henricus
1565 2035 1834 2089 Schirborn‚
1859 2041 1962 2089 eto,
1988 2041 2035 2079 et

291 2107 518 2151 Emmota
562 2121 680 2151 uxor
723 2121 845 2159 mea,
889 2107 1022 2149 heres
1067 2106 1271 2149 XValteri
1318 2105 1511 2148 Lichfot
1565 2106 1622 2149 de
1678 2105 2033 2161 Sutharnptona

290 2177 522 2229 dedimus,
560 2182 663 2229 eto,
698 2175 905 2233 Johanni
946 2175 1281 2218 Medmenham
1319 2173 1540 2218 Tannere
1579 2175 1636 2217 de
1676 2174 2033 2231 Suthamptona

290 2251 337 2289 et
359 2245 516 2288 Alicie
538 2245 674 2288 uxori
701 2244 801 2301 ejus
823 2245 1149 2287 revercionem
1180 2245 1320 2287 unius
1353 2244 1615 2287 tenementi
1641 2244 1769 2299 quod
1792 2243 2033 2287 Johannes

289 2315 421 2372 kyng
462 2313 681 2357 Tannere
725 2318 855 2357 tenet
899 2313 1029 2369 apud
1072 2312 1481 2368 Suthamptonam
1526 2313 1588 2355 ad
1632 2313 1891 2355 terminum
1934 2312 2032 2355 vite

289 2398 384 2427 sue.
450 2382 593 2441 Quod
637 2382 832 2439 quidem
872 2386 1200 2425 tenementum
1244 2396 1353 2425 cum
1399 2382 1615 2438 gardino,
1656 2386 1760 2434 etc.,
1799 2382 2033 2425 situatum

291 2457 360 2495 est
375 2457 519 2495 *extra
541 2457 731 2507 portam
755 2451 1042 2493 orientalem
1069 2450 1315 2493 antedicte
1338 2451 1453 2494 ville
1478 2450 1830 2506 Suthamptone
1854 2450 1901 2493 in
1927 2451 2035 2493 vico

291 2526 468 2564 vocato
502 2521 656 2564 Estret
690 2521 738 2563 in
777 2519 951 2562 boriali
987 2524 1122 2575 parte
1158 2518 1370 2575 ejusdem
1409 2519 1501 2562 vici
1545 2519 1667 2562 inter
1705 2524 2034 2562 tenementum

292 2589 525 2634 Johannis
549 2589 818 2633 Penkeston
842 2595 889 2632 et
912 2588 1130 2632 Johanne
1160 2589 1319 2632 uxoris
1354 2587 1455 2644 ejus
1488 2602 1544 2631 ex
1578 2593 1714 2645 parte
1737 2588 1962 2632 orientali
1987 2592 2033 2631 et

407 2808 417 2829 1
439 2806 579 2833 William
591 2805 800 2838 Malmeshull,
815 2812 916 2838 mayor
935 2807 999 2831 1377
1017 2806 1074 2830 and
1096 2806 1169 2837 1378,
1189 2805 1281 2831 bailiff
1302 2806 1394 2831 1371-3
1416 2806 1471 2831 and
1494 2807 1558 2831 1376
1581 2806 1708 2837 (DavieS,
1730 2806 1815 2833 Hist.
1837 2805 1875 2838 of
1889 2806 2000 2834 South-

327 2850 464 2881 ampton,
484 2855 510 2880 p.
533 2849 604 2880 172),
626 2849 863 2879 Pal-lianientary
884 2848 1005 2877 burgcss
1026 2847 1090 2872 1376
1112 2847 1171 2878 (ib„
1190 2853 1215 2878 p.
1234 2847 1309 2879 201).
1347 2847 1438 2872 While
1456 2847 1614 2879 officiatlng
1629 2855 1659 2873 as
1671 2847 1764 2873 bailiff
1776 2848 1812 2873 he
1824 2855 1883 2873 was
1895 2849 1956 2873 said
1969 2851 2001 2874 to

326 2891 420 2922 have]
436 2891 509 2915 rined
522 2890 594 2915 with
608 2890 688 2915 John
702 2889 864 2920 Polymond
878 2891 908 2915 to
921 2889 1046 2920 plunder
1058 2889 1170 2913 certain
1183 2889 1261 2919 ships
1275 2888 1393 2919 trading
1412 2892 1441 2914 to
1460 2888 1674 2921 Southampton
1702 2889 1788 2920 (Pat.
1811 2889 1900 2916 Rolls
1922 2890 2000 2921 Cab„

328 2933 400 2963 1378,
420 2939 445 2963 p.
464 2933 519 2959 81).
563 2931 656 2956 Three
676 2937 761 2962 years
782 2931 866 2962 later,
887 2931 1030 2960 however,
1050 2929 1085 2954 he
1105 2937 1165 2955 was
1181 2936 1237 2954 one
1255 2930 1284 2954 of
1304 2930 1385 2955 those
1404 2932 1434 2955 to
1453 2930 1550 2955 whom
1563 2937 1579 2955 a
1592 2931 1774 2956 commission
1788 2937 1848 2956 was
1864 2932 1950 2962 given
1970 2934 2001 2957 to

326 2973 399 3005 keep
419 2973 469 2998 the
489 2979 574 3004 peace
595 2972 657 3003 cib„
678 2973 751 3002 1331,
772 2978 798 3003 p.
821 2972 874 3003 85).
917 2972 961 2997 He
981 2971 1110 2996 founded
1132 2977 1149 2996 a
1169 2970 1301 3003 chentry
1318 2971 1348 2996 lu
1368 2970 1409 2997 Str.
1429 2970 1576 2997 Michael’s
1593 2971 1702 2997 church
1718 2972 1845 3003 (Davies‚
1862 2972 1949 2999 Hist.
1969 2972 2006 3005 of

328 3015 566 3046 Southawmton,
580 3020 626 3045 pp.
639 3016 688 3038 424
701 3014 758 3039 and
772 3015 844 3044 427).

406 3073 419 3094 2
434 3072 567 3103 January
580 3070 657 3102 20th,
671 3071 744 3098 1358.

407 3139 419 3159 3
435 3137 660 3165 “Forbarram.''
707 3137 775 3163 This
796 3137 876 3162 word
901 3137 922 3161 is.
941 3136 1082 3170 probably
1103 3143 1119 3161 a
1143 3135 1229 3162 Latin
1256 3142 1334 3162 noun
1356 3137 1469 3162 formed
1488 3137 1534 3162 for
1555 3137 1605 3162 the
1628 3137 1758 3163 occasion
1781 3137 1856 3163 from
1879 3137 1929 3163 the
1953 3138 2000 3164 old
