2212 3408
126 410 199 445 Fol.
224 410 337 444 XVII.

435 113 452 142 1
462 99 518 142 28
1017 110 1112 141 THE
1145 111 1303 142 BLAcK
1336 112 1463 142 BOOK

823 293 1145 352 [Transcribed
1177 297 1269 340 and
1302 294 1649 353 Summarisecl]

430 407 788 465 Suthamptona
843 407 990 452 Curia
1046 407 1245 451 Domini
1301 407 1450 465 Regis
1495 412 1632 452 tenta
1679 407 1810 464 apud
1853 407 2107 465 Suthamp-

369 482 537 522 tonam
580 477 658 522 die
704 477 870 521 Martis
915 478 962 520 in
1006 477 1192 534 Vigilia
1236 476 1582 533 Apostolorum
1631 476 1840 520 Simonis
1884 482 1931 520 et
1974 476 2110 521 Judel

366 562 529 591 coram
555 547 825 591 Willielmo
852 545 1050 590 Nicholl
1084 547 1280 599 maiore,
1315 546 1534 604 Johanne
1569 546 1805 590 Maschall
1840 551 1887 590 et
1918 545 2110 591 Thoma

364 616 587 660 Armorer
608 616 806 660 ballivis
827 616 943 659 ville
967 616 1181 672 predicte
1209 630 1261 673 13
1289 615 1451 672 Henry
1477 613 1569 659 IV}

424 743 516 788 2Ad
538 745 664 787 hanc
693 744 878 787 curiam
903 747 1133 786 venerunt
1156 742 1399 800 Johannes
1423 742 1592 786 Beneit
1620 743 1678 786 de
1703 743 1893 787 Bottele
1917 749 1964 787 et
1990 745 2106 787 Mar-

364 815 496 872 geria
519 828 638 857 uxor
656 813 770 865 eius,
787 817 890 866 etc„
911 817 957 855 et
974 812 1292 868 protulerunt,
1309 817 1413 864 etc„
1433 812 1680 868 quandam
1703 813 2109 868 acquietanciam,

364 889 452 928 etc.
519 882 755 926 Noverint
789 882 998 925 universi
1032 896 1114 938 per
1146 887 1386 937 presentes
1423 895 1510 924 nos
1541 880 1811 939 Johannem
1851 883 2019 926 Beneit
2052 884 2111 927 de

364 953 555 997 Bottele
579 958 625 996 et
650 952 939 1008 Margeriam
962 965 1161 995 uxorem
1191 965 1365 1003 meam,
1391 955 1495 1004 etc„
1519 965 1604 1007 pro
1627 950 1768 994 nobis
1789 956 1836 995 et
1858 952 2112 997 heredibus

364 1023 537 1067 nostris
579 1022 934 1078 imperpetuum
978 1020 1197 1077 quietum
1240 1020 1475 1064 clamasse
1521 1020 1797 1077 Reginaldo
1840 1019 2010 1065 Tailor
2052 1022 2111 1066 de

364 1092 721 1148 Suthamptona
749 1096 796 1134 et
821 1090 1029 1134 Cristine
1057 1090 1194 1133 uxori
1225 1090 1327 1133 eius
1358 1088 1613 1133 heredibus
1645 1095 1692 1133 et
1725 1090 1985 1147 assignatis
2016 1092 2111 1136 suis

365 1167 524 1206 totum
570 1161 645 1217 jus
690 1165 906 1204 nostrum
951 1165 999 1203 et
1046 1159 1303 1212 clameum‚
1337 1164 1442 1212 etc.‚
1477 1159 1526 1202 in
1563 1164 1668 1203 toto
1704 1159 1791 1202 illo
1835 1165 2111 1205 tenemento

364 1246 475 1275 curn
498 1230 684 1274 duobus
707 1230 848 1274 tectis
870 1244 981 1273 cum
1004 1229 1139 1272 volta
1163 1228 1248 1272 sub
1273 1228 1444 1272 eodem
1470 1227 1674 1272 fundata
1707 1243 1816 1272 cum
1850 1230 2111 1287 curtilagio

365 1305 412 1344 et
450 1299 603 1344 crofta
642 1300 800 1343 eidem
837 1298 1176 1342 adiacentibus
1214 1312 1305 1354 que
1344 1298 1527 1341 situata
1565 1303 1675 1341 sunt
1720 1298 1769 1340 in
1807 1298 1927 1341 villa
1967 1298 2106 1343 Suth-

363 1375 599 1426 amptona
624 1368 843 1426 predicta
867 1368 916 1411 in
939 1368 1049 1411 vico
1071 1366 1281 1424 Anglico
1315 1367 1364 1409 in
1398 1366 1693 1410 occidentali
1726 1372 1862 1423 parte
1896 1368 2109 1412 eiusdem

363 1440 468 1483 vice
514 1440 563 1482 in
616 1438 848 1496 parochia
902 1436 1101 1481 ecclesie
1156 1435 1391 1480 Omnium
1445 1437 1730 1480 Sanctorum
1785 1437 1908 1480 inter
1959 1453 2109 1482 unum

364 1509 667 1566 mesuagium
700 1507 947 1565 quondam
970 1505 1127 1550 Alicie
1152 1505 1397 1563 Germayn
1430 1506 1479 1549 in
1514 1520 1609 1562 quo
1643 1504 1858 1550 Thomas
1892 1506 2106 1564 Kynges-

363 1579 459 1623 cler
501 1592 651 1635 nuper
693 1576 993 1620 inhabitavit
1036 1590 1095 1619 ex
1137 1580 1274 1632 parte
1327 1575 1528 1619 australi
1584 1580 1632 1619 et
1686 1590 1833 1619 unam
1885 1576 2109 1632 placeam

364 1663 571 1692 vacuam
629 1647 876 1704 quondam
937 1645 1156 1689 Dionisie
1212 1644 1427 1689 Barnebe
1487 1659 1635 1702 quam
1694 1644 1930 1689 Ricardus
1984 1645 2109 1691 Gale

362 1733 511 1775 nuper
545 1717 701 1762 tenuit
736 1731 795 1760 ex
828 1720 965 1772 parte
995 1714 1170 1758 boriali
1202 1719 1251 1758 et
1284 1714 1503 1758 extendit
1533 1729 1581 1758 se
1609 1714 1739 1758 idem
1763 1719 2107 1770 tenementum,

363 1793 467 1841 etc„
516 1802 546 1830 a
599 1786 818 1844 predicto
860 1785 969 1829 vico
1023 1799 1082 1828 ex
1135 1789 1271 1840 parte
1317 1784 1545 1828 orientali
1600 1798 1749 1841 usque
1803 1784 1867 1828 ad
1920 1799 2109 1829 murum

362 1858 478 1901 ville
516 1856 730 1914 predicte
769 1870 828 1898 ex
865 1859 1001 1911 parte
1046 1853 1355 1898 occidentali.
1423 1854 1495 1897 Ita
1529 1853 1659 1910 quod
1693 1868 1781 1897 nec
1815 1868 1902 1898 nos
1933 1854 2108 1911 prefati

362 1927 604 1971 Johannes
638 1925 805 1969 Beneit
839 1932 887 1968 et
922 1923 1157 1981 Margeria
1190 1938 1310 1967 uxor
1343 1937 1452 1966 mea
1491 1937 1578 1967 nec
1612 1923 1807 1967 heredes
1838 1924 1988 1967 nostri
2021 1939 2109 1968 nec

362 1996 540 2053 aliquis
583 1995 708 2039 alius
745 1994 942 2037 nomine
981 1998 1143 2037 nostro
1182 1992 1382 2048 aliquod
1415 1992 1490 2049 jus
1530 1992 1604 2036 vel
1642 1992 1883 2036 clameum
1917 1993 1966 2036 in
2006 2008 2106 2050 pre-

363 2066 495 2109 dicto
548 2069 840 2116 tenemento,
896 2068 1000 2115 etc„
1056 2063 1245 2119 exigere
1299 2062 1376 2105 vel
1431 2062 1678 2105 vindicare
1740 2062 2005 2118 poterimus
2058 2063 2107 2106 in

363 2135 575 2179 futurum
611 2134 692 2178 sed
728 2133 790 2177 ab
826 2133 957 2176 omni
996 2132 1113 2188 juris
1145 2132 1359 2175 remedio
1393 2131 1493 2175 sive
1527 2132 1720 2175 actione
1752 2132 1861 2175 inde
1884 2131 2109 2176 habenda

362 2219 524 2249 sumus
547 2204 726 2248 exclusi
753 2203 1107 2258 imperpetuum
1140 2216 1223 2258 per
1255 2205 1509 2257 presentes.
1577 2200 1636 2244 Et
1670 2214 1756 2244 nos
1788 2215 1900 2244 vero
1933 2200 2107 2257 prefati

362 2274 603 2318 Johannes
637 2273 807 2316 Eeneit
841 2277 888 2315 et
924 2271 1157 2328 Margeria
1191 2285 1310 2314 uxor
1344 2285 1466 2323 mea,
1496 2275 1543 2313 et
1575 2270 1771 2313 heredes
1804 2270 1897 2313 mei
1932 2269 2105 2326 prefati

362 2342 596 2386 Johannis
642 2341 912 2397 predictum
968 2345 1311 2392 tenementum,
1357 2345 1462 2391 etc„
1509 2338 1697 2395 prefato
1743 2339 2016 2396 Reginaldo
2060 2345 2107 2383 et

365 2412 572 2456 Cristine
611 2411 764 2463 uxori,
803 2415 908 2463 etc.‚
946 2415 1115 2453 contra
1154 2423 1318 2452 omnes
1362 2413 1527 2466 gentes
1565 2408 2016 2452 warrantizabimus
2060 2414 2107 2453 et

364 2481 674 2525 defendemus
728 2480 1094 2536 imperpetuum.
1192 2479 1243 2521 In
1297 2478 1432 2522 cuius
1485 2478 1550 2521 rei
1607 2478 1941 2521 testimonium
1993 2479 2106 2522 huic

364 2551 570 2607 presenti
619 2550 799 2606 scripto
847 2549 1010 2605 sigilla
1060 2553 1222 2591 nostra
1267 2547 1593 2603 apposuimus.
1681 2546 1740 2589 Et
1784 2547 1899 2602 quia
1942 2546 2106 2603 sigilla

364 2625 526 2663 nostra
560 2618 777 2675 pluribus
811 2623 920 2661 sunt
961 2618 1211 2673 incognita
1250 2616 1466 2673 sigillum
1506 2615 1652 2659 officii
1691 2616 1955 2659 maioratus
1991 2616 2106 2659 ville

365 2689 717 2745 Suthamptone
790 2687 884 2731 hiis
961 2686 1140 2743 apponi
1226 2686 1600 2742 procuravimus.
1722 2684 1829 2727 Hiis
1904 2684 2106 2728 testibus

364 2758 632 2801 Willielmo
675 2756 872 2800 Nicholl
917 2761 1030 2799 tunc
1075 2756 1256 2798 maiore
1301 2754 1416 2798 ville
1459 2754 1687 2810 predicte,
1741 2752 1932 2796 Thoma
1987 2753 2103 2796 Mid-

365 2827 581 2884 lyngton,
638 2826 909 2870 Willielmo
963 2824 1169 2881 Overay,
1226 2824 1434 2867 Henrico
1501 2823 1735 2879 Holewey
1793 2827 1840 2865 et
1896 2822 2105 2866 Ricardo

365 2896 626 2953 Bradevvey
658 2894 1011 2947 Aldrernannis,
1046 2892 1237 2938 Thoma
1271 2894 1491 2937 Armorer
1529 2897 1576 2936 et
1614 2891 1831 2935 Johanne
1868 2890 2103 2935 Maschall

479 3100 489 3118 1
504 3098 646 3130 'ruesday,
659 3098 786 3124 October
799 3098 873 3128 27tn,
887 3098 960 3122 1411.
