2212 3408
63 1894 140 1928 Fol.
162 1893 263 1927 vm.

367 143 426 185 60
949 153 1044 184 THE
1078 152 1235 185 BLACK
1269 152 1395 185 BOOK

871 321 972 365 Fol.
1007 320 1093 365 VII
1118 320 1156 364 B
1192 318 1476 378 (continued).

305 431 546 489 integrum
568 436 678 488 post
699 431 844 476 finem
874 431 1081 475 alicuius
1113 431 1305 475 termini
1341 436 1516 475 extunc
1554 430 1676 475 bene
1712 430 1860 475 liceat
1893 429 2047 485 nobis,

304 505 408 553 etc.,
424 502 590 544 omnia
609 506 657 545 et
678 501 870 558 singula
892 501 1110 558 predicta
1128 506 1419 554 tenementa,
1436 501 1723 558 messuagia,
1740 505 1844 553 etc.,
1861 500 2047 557 ingredi

303 574 351 613 et
373 570 478 626 ipsa
500 571 661 614 seisire
685 575 731 614 et
753 570 928 614 habere
955 569 1095 614 nobis
1118 575 1164 613 et
1190 569 1444 614 heredibus
1473 571 1646 614 nostris
1677 570 1725 612 in
1750 574 2045 627 perpetuum.

302 637 587 683 Tenendum
625 639 682 683 de
726 639 929 696 capitali
975 639 1173 682 domino
1218 638 1347 682 feodi
1393 639 1524 683 illius
1566 654 1649 696 per
1690 639 1894 683 servicia
1938 638 2049 681 inde

302 707 482 761 debita,
528 713 632 761 etc.,
686 709 779 752 hac
831 714 966 752 carta
1009 723 1091 752 seu
1138 709 1230 752 hoc
1278 707 1588 752 feoffamento
1638 709 1687 751 in
1736 708 1903 765 aliquo
1952 722 2047 751 non

302 776 538 820 obstante.
636 777 687 820 In
741 777 876 820 cuius
928 778 995 820 rei
1051 777 1385 821 testimonium
1428 778 1512 821 uni
1555 778 1682 834 parti
1725 778 1866 821 huius
1918 782 2048 820 carte

303 846 554 889 Indentate
578 860 722 902 penes
744 845 932 902 prefato
954 844 1146 889 Thoma
1171 847 1440 890 remanenti
1471 846 1635 903 sigilla
1658 852 1820 890 nostra
1844 861 2046 903 apposu-

302 914 439 958 imus.
505 915 657 958 Alteri
692 930 802 959 vero
836 916 963 971 parti
996 930 1140 972 penes
1173 930 1259 959 nos
1289 916 1556 959 remanenti
1590 915 1804 972 prefatus
1833 914 2049 959 Thomas

301 984 517 1040 sigillum
542 999 680 1028 suum
704 985 944 1041 apposuit.
1011 985 1071 1029 Et
1104 985 1168 1028 ad
1201 985 1437 1028 maiorem
1468 985 1610 1029 huius
1642 986 1707 1029 rei
1739 985 2048 1028 securitatem

301 1052 577 1097 faciendam
600 1054 818 1111 sigillum
841 1053 988 1098 officii
1023 1055 1289 1099 maioratus
1311 1055 1427 1098 ville
1449 1055 1664 1111 predicte
1686 1055 1894 1110 presenti
1918 1059 2049 1097 carte

303 1123 552 1166 indentate
595 1122 878 1167 alternatim
921 1129 991 1167 est
1035 1139 1314 1180 appensum.
1413 1123 1522 1167 Hiis
1575 1123 1778 1167 testibus
1831 1123 2048 1167 Johanne

304 1191 463 1248 Cosyn
502 1197 616 1235 tunc
656 1192 849 1236 Ballivo
884 1193 1000 1237 ville
1038 1194 1266 1250 predicte,
1303 1192 1496 1236 Thoma
1536 1193 1706 1236 Driver
1744 1198 1858 1236 tunc
1893 1206 2046 1236 senes-

301 1262 477 1315 challo,
525 1261 735 1305 Henrico
781 1262 1016 1319 Holewey
1059 1263 1356 1306 custumario
1399 1262 1595 1315 ibidem,
1639 1262 1857 1320 Johanne
1899 1261 2048 1314 Flete,

301 1329 492 1373 Thoma
524 1331 809 1387 Midlynton,
835 1331 1053 1376 Waltero
1081 1332 1260 1389 Lange,
1287 1331 1499 1375 Ricardo
1538 1331 1801 1387 Bradewey
1840 1335 1887 1374 et
1922 1330 2046 1373 aliis.

304 1399 434 1443 Data
477 1399 607 1456 apud
650 1399 1060 1457 Suthamptonam
1108 1401 1187 1445 die
1236 1401 1347 1445 lune
1392 1401 1441 1444 in
1487 1400 1629 1444 Festo
1672 1400 1847 1444 Sancte
1903 1399 2048 1443 Lucie

301 1483 430 1512 anno
471 1469 606 1526 regni
651 1470 774 1527 regis
815 1470 1010 1514 Henrici
1051 1471 1210 1527 quarti
1250 1485 1279 1514 a
1314 1476 1579 1527 conquestu
1616 1467 1859 1514 secundo.l
1938 1467 2048 1527 Qua

302 1538 497 1595 quidem
531 1543 666 1582 carta
698 1538 891 1595 publice
922 1540 1106 1593 audita,
1132 1546 1236 1593 etc.,
1267 1539 1551 1596 prefataque
1586 1539 1792 1583 Isabella
1827 1538 1931 1582 sola
1965 1552 2048 1594 per

301 1622 349 1651 se
373 1607 668 1660 examinata,
694 1613 798 1661 etc.,
824 1609 872 1651 in
902 1609 1047 1665 plena
1081 1609 1214 1653 curia
1247 1609 1465 1665 predicta
1499 1609 1761 1652 secundum
1794 1612 2044 1652 consuetu-

303 1677 467 1721 dinem
504 1677 620 1720 ville
658 1676 850 1731 fatetur,
887 1683 991 1731 etc.,
1026 1684 1212 1722 cartam
1245 1678 1515 1734 predictam
1554 1693 1651 1722 esse
1686 1677 1871 1721 factum
1909 1691 2047 1720 suum

303 1751 350 1789 et
374 1746 503 1802 quod
531 1747 786 1803 spontanie
822 1747 978 1803 ipsam
1010 1747 1110 1791 fieri
1145 1747 1260 1791 fecit
1293 1747 1473 1804 absque
1506 1747 1802 1800 cohercione‚
1828 1751 1932 1799 etc.,
1955 1745 2046 1788 viri

302 1816 390 1868 sui,
415 1820 519 1868 etc.,
544 1820 592 1858 et
620 1816 745 1872 petit
774 1816 977 1860 eandem
1016 1822 1203 1860 cartam
1240 1817 1319 1860 hic
1353 1816 1627 1869 inbreviari,
1652 1821 1757 1869 etc.,
1781 1815 1830 1858 in
1865 1814 2045 1858 exclus-

305 1885 466 1928 ionem
496 1883 613 1941 juris
647 1885 733 1937 sui,
766 1890 870 1938 etc.,
894 1886 1245 1942 inperpetuum,
1270 1891 1358 1929 etc.
1425 1885 1486 1929 Et
1521 1885 1728 1928 liberata
1766 1889 1837 1928 est
1870 1884 2047 1927 seisina

305 1954 564 1998 eorundem
617 1958 1000 1998 tenementorum
1056 1955 1435 2012 messuagiorum
1500 1959 1547 1998 et
1610 1959 1879 1999 ceterorum
1934 1957 2047 1996 ante

303 2022 689 2080 specificatorum
737 2023 878 2079 juxta
921 2023 1129 2068 formam
1177 2030 1308 2068 carte
1360 2024 1497 2068 salvo
1561 2023 1662 2081 jure
1722 2024 2046 2079 cuiuscunque

303 2093 565 2137 secundum
624 2094 1022 2138 consuetudinem
1080 2095 1210 2147 ville,
1265 2092 1373 2137 etc.²
1468 2094 1528 2137 Et
1575 2093 1711 2137 salvo
1758 2093 1949 2136 redditu
1997 2091 2047 2134 in

303 2162 474 2206 eadem
506 2167 641 2206 carta
673 2162 951 2219 specificato
983 2164 1164 2209 eisdem
1202 2162 1532 2208 feoffatoribus
1564 2161 1849 2207 durantibus
1882 2161 2047 2205 decem

304 2232 443 2275 annis
483 2231 623 2288 juxta
660 2230 881 2286 formam,
920 2232 1029 2278 etc.2
1108 2233 1170 2277 Et
1206 2238 1508 2277 attornatum
1540 2231 1748 2277 feoffatis
1784 2230 2048 2276 secundum

304 2301 716 2354 consuetudinem,
751 2300 859 2345 etc.2

421 2651 432 2672 1
449 2650 585 2683 Monday‚
597 2649 756 2676 December
770 2649 843 2682 latu,
858 2650 930 2675 1400.

422 2711 435 2731 2
450 2709 511 2736 Sic.
