2212 3408
0 655 62 689 ?ol.
86 655 121 689 11
137 656 175 689 B.

289 157 346 186 20
873 155 966 185 THE
1001 155 1159 186 BLACK
1193 155 1319 186 BOOK

798 322 898 366 Fol.
935 323 974 366 ΙΙ
1011 322 1076 378 (2)
1113 319 1396 379 (continued).

226 433 481 478 heredibus
524 438 571 477 et
614 433 873 491 assignatis
914 434 1010 478 suis
1053 438 1211 477 totum
1262 432 1338 489 jus
1379 437 1595 476 nostrum
1638 437 1686 476 et
1728 431 1969 476 clameum

229 503 358 559 quod
394 503 641 556 habemus,
665 503 924 547 habuimus
960 517 1041 546 seu
1077 503 1395 559 quovismodo
1428 502 1603 545 habere
1640 502 1888 558 potuimus
1922 502 1969 544 in

228 573 441 629 quodam
480 577 756 616 tenemento
799 573 856 616 de
895 571 1081 616 duobus
1120 572 1260 615 tectis
1297 586 1407 615 cum
1445 572 1541 614 suis
1577 571 1887 627 pertinenciis
1922 571 1970 613 in

228 641 586 698 Suthamptona
610 642 658 684 in
681 642 911 697 parochia
939 641 1138 684 ecclesie
1168 640 1343 684 Sancte
1368 639 1534 684 Crucis
1559 641 1606 682 in
1631 640 1739 683 vico
1762 639 1971 696 Anglico

228 712 277 754 in
313 712 603 754 occidentali
641 716 777 767 parte
812 711 905 754 vici
942 711 1064 753 inter
1098 716 1426 754 tenementum
1459 709 1693 753 Johannis
1729 709 1971 752 Pulmond

228 795 286 824 ex
328 786 464 836 parte
502 780 701 823 australi
743 785 789 823 et
828 780 1075 835 quoddam
1118 780 1419 835 mesuagium
1460 778 1715 821 Willielmi
1757 778 1873 821 Dert
1912 793 1970 821 ex

226 855 362 906 parte
385 849 574 892 boriali.
642 850 714 892 Ita
753 849 882 905 quod
919 863 1006 892 nec
1044 862 1131 891 nos
1167 848 1372 904 predicti
1411 848 1702 891 Laurencius
1732 853 1779 890 et
1812 847 1972 904 Agnes

225 934 344 962 uxor
381 933 490 961 mea
526 933 612 962 nec
649 919 843 961 heredes
881 918 1029 961 nostri
1070 932 1157 961 nec
1196 917 1374 973 aliquis
1412 917 1538 960 alius
1574 923 1737 959 nostro
1776 917 1971 960 nomine

226 988 485 1044 quicquam
521 987 638 1043 juris
662 988 737 1030 vel
769 987 937 1030 clamii
970 988 1018 1030 in
1053 987 1324 1043 predictum
1360 991 1689 1029 tenementum
1727 1000 1837 1029 cum
1875 985 1973 1029 suis

223 1057 533 1113 pertinenciis
571 1057 628 1100 de
662 1062 820 1100 cetero
856 1057 1044 1114 exigere
1080 1057 1155 1099 vel
1189 1055 1444 1098 vendicare
1479 1055 1743 1111 poterimus
1781 1055 1970 1111 quovis-

225 1126 370 1169 modo
389 1131 459 1169 set
483 1126 593 1169 inde
613 1126 832 1169 totaliter
850 1126 1030 1169 exclusi
1055 1139 1217 1169 sumus
1241 1125 1596 1181 imperpetuum
1618 1138 1700 1180 per
1717 1129 1970 1180 presentes.

226 1197 284 1238 Et
335 1210 420 1238 nos
479 1196 683 1251 predicti
724 1195 1016 1239 Laurencius
1072 1200 1118 1238 et
1170 1193 1331 1251 Agnes
1373 1208 1492 1237 uxor
1535 1208 1645 1236 mea
1689 1198 1736 1236 et
1777 1193 1973 1236 heredes

224 1265 373 1308 nostri
418 1265 691 1321 predictum
734 1269 1064 1308 tenementum
1107 1278 1217 1307 cum
1261 1264 1358 1306 suis
1395 1262 1706 1319 pertinenciis
1743 1262 1974 1318 predictis

225 1334 494 1377 willielmo
548 1339 594 1377 et
638 1335 907 1377 VVillielmo
956 1333 1212 1377 heredibus
1265 1338 1312 1376 et
1360 1332 1622 1389 assignatis
1665 1332 1761 1375 suis
1804 1336 1972 1375 contra

225 1417 391 1446 omnes
441 1408 606 1460 gentes
665 1403 1096 1446 warantizabimus
1145 1403 1513 1458 imperpetuum.
1611 1401 1663 1444 In
1716 1401 1851 1445 cuius
1903 1401 1970 1444 rei

225 1472 559 1516 testimonium
581 1473 787 1529 presenti
823 1473 1001 1529 scripto
1035 1472 1356 1515 relaxacionis
1389 1471 1554 1528 sigilla
1581 1475 1744 1514 nostra
1767 1484 1971 1526 apposu-

226 1543 361 1585 imus.
429 1542 488 1585 Et
511 1542 573 1585 ad
597 1543 831 1585 maiorem
855 1542 1164 1585 securitatem
1197 1540 1339 1597 hujus
1365 1541 1431 1584 rei
1456 1539 1731 1583 faciendam
1754 1539 1972 1596 sigillum

224 1611 490 1654 maioratus
513 1611 628 1654 ville
652 1611 1005 1667 Suthamptone
1036 1611 1216 1667 apponi
1241 1610 1618 1666 procuravimus,
1640 1609 1734 1652 hiis
1758 1608 1973 1661 testibus,

223 1679 442 1737 Johanne
495 1681 731 1737 pulmond
801 1681 998 1733 maiore,
1047 1679 1267 1737 Johanne
1321 1678 1447 1722 fflete
1503 1678 1709 1731 Balhvo,
1762 1677 1973 1721 Ricardo

225 1749 464 1806 Bradvvay
507 1750 805 1794 seneschallo
854 1750 969 1793 ville
1013 1749 1381 1805 Suffiamptone,
1416 1747 1659 1792 Nicholao
1704 1747 1973 1804 langstoke,

226 1818 443 1862 W'altero
487 1819 617 1876 lang,
651 1818 869 1862 Johanne
910 1818 1172 1876 Pyngston,
1208 1817 1427 1875 Johanne
1474 1817 1674 1860 skarlett
1718 1822 1765 1860 et
1808 1816 1975 1860 multis

224 1888 347 1931 aliis.
415 1888 599 1932 Datum
643 1889 772 1945 apud
815 1888 1258 1944 Southamptonam
1302 1886 1692 1943 quarto-decimo
1735 1885 1812 1929 die
1856 1885 1972 1929 Julii

225 1971 354 2001 anno
397 1958 530 2014 regni
577 1957 724 2014 Regis
775 1957 972 2000 Ricardi
1017 1956 1212 2000 secundi
1267 1960 1376 2012 post
1429 1960 1744 2011 conquestum
1796 1953 1973 2011 Anglie

225 2026 589 2070 sexto-decimo.
656 2025 766 2085 Quo
797 2026 993 2083 quidem
1016 2026 1195 2082 scripto
1220 2024 1542 2068 relaxacionis
1565 2024 1692 2067 lecto
1719 2029 1766 2067 et
1788 2023 1973 2076 audito,

226 2095 332 2151 ipsa
368 2095 556 2152 Agnete
599 2110 682 2152 per
719 2110 766 2139 se
810 2096 913 2139 sola
953 2096 1236 2139 examinata
1275 2100 1322 2137 et
1360 2094 1521 2150 jurata
1560 2093 1822 2137 secundum
1860 2107 1970 2136 con-

226 2165 529 2208 suetudinem
584 2166 698 2208 ville
742 2164 920 2209 fatetur
962 2166 1054 2208 hoc
1108 2179 1205 2208 esse
1262 2164 1464 2207 Factum
1508 2177 1647 2207 suum
1691 2168 1737 2206 et
1781 2161 1973 2218 publice

227 2235 507 2290 recognovit
545 2235 636 2277 hoc
675 2249 721 2278 se
760 2234 938 2278 ffecisse
977 2234 1157 2290 absque
1193 2233 1475 2277 cohercione
1514 2232 1717 2288 predicti
1757 2231 1845 2273 viri
1885 2231 1971 2274 sui.

230 2302 289 2346 Et
312 2303 382 2346 ita
406 2304 529 2359 petit
563 2305 642 2347 hic
672 2304 930 2347 inbreviari
969 2304 1016 2346 in
1053 2303 1379 2346 exclusionem
1411 2301 1528 2358 juris
1558 2302 1629 2344 sui
1665 2306 1712 2344 et
1744 2301 1973 2344 heredum

228 2386 420 2416 suorum
463 2372 521 2416 de
567 2378 842 2417 tenemento
880 2373 1098 2429 predicto
1134 2372 1274 2428 juxta
1311 2370 1518 2414 formam
1561 2369 1724 2426 scripti
1768 2368 1972 2426 predicti

229 2441 583 2497 imperpetuum
616 2442 877 2486 secundum
911 2441 1308 2485 consuetudinem
1346 2440 1475 2483 ville.
1544 2439 1603 2482 Et
1641 2438 1866 2482 Admissa
1905 2443 1975 2481 est

230 2524 312 2566 per
343 2510 527 2553 curiam
561 2516 608 2554 et
638 2510 910 2555 inbreviata
950 2511 997 2553 in
1034 2509 1361 2554 exclusionem
1398 2508 1515 2564 juris
1552 2509 1623 2552 sui
1664 2513 1710 2551 et
1745 2507 1973 2550 heredum

230 2593 422 2623 suorum
447 2579 801 2637 imperpetuum
823 2580 1084 2624 secundum
1108 2579 1518 2623 consuetudinem.
