2212 3408
100 2309 175 2342 Foi.
200 2308 316 2342 xxll.

410 85 494 130 154
989 83 1083 113 THE
1118 82 1274 114 BLACK
1309 83 1435 113 BOOK

894 234 995 278 Fol.
1030 233 1145 277 XXI
1178 233 1216 276 Β
1251 232 1535 290 (continued).

345 347 592 391 Michaelis
616 347 662 390 in
688 347 797 390 vico
820 351 998 390 vocato
1022 344 1283 388 Bolestrete
1307 345 1356 387 in
1381 343 1674 387 occidentali
1706 348 1842 399 parte
1875 342 2088 387 eiusdem

342 418 436 461 vici
489 418 613 460 inter
666 417 913 473 quoddam
963 415 1218 473 gardinum
1274 414 1401 470 quod
1463 427 1552 470 ego
1607 412 1820 469 prefatus
1872 411 2087 456 Thomas

344 487 648 544 Midlyngton
686 485 844 529 habeo
883 490 930 528 et
969 490 1110 528 teneo
1149 484 1210 527 ad
1251 483 1506 527 terminum
1549 483 1796 525 Annorum
1836 482 1893 525 de
1931 482 2087 538 priore

341 556 599 613 hospitalis
621 555 786 599 Sancti
811 555 1022 610 Julianie
1056 553 1184 609 quod
1220 553 1396 596 dicitur
1429 553 1600 596 domus
1634 552 1708 595 dei
1738 552 2089 607 Suthamptone

344 625 590 669 Fratribus
629 630 675 668 et
714 624 952 667 sororibus
991 623 1206 666 eiusdem
1241 622 1498 678 hospitalis
1534 636 1591 665 ex
1629 627 1766 677 parte
1804 620 2004 664 australi
2042 625 2089 663 et

342 695 584 739 venellam
620 709 711 751 que
748 694 883 736 ducit
922 708 950 735 a
987 692 1120 735 dicto
1159 692 1268 735 vico
1303 691 1360 734 de
1395 691 1658 734 Bolestrete
1681 705 1841 734 versus
1871 690 1914 733 le
1941 689 2085 733 flode-

344 770 455 822 gate
491 779 549 807 ex
584 768 720 819 parte
756 760 966 805 boriali.1
1047 760 1107 804 Et
1152 760 1370 804 extendit
1405 774 1453 803 se
1494 760 1622 802 idem
1667 764 2006 803 tenementum·
2038 759 2087 801 in

343 833 648 891 longitudine
676 837 723 876 et
755 831 1017 875 latitudine
1050 845 1078 873 a
1114 830 1316 887 gardino
1350 829 1569 886 predicto
1608 829 1766 872 eundo
1802 829 1850 871 in
1884 828 2089 872 circuitu

342 918 424 960 per
478 902 718 946 venellam
774 901 1042 957 predictam
1087 914 1234 956 usque
1280 899 1373 942 tria
1423 899 1613 955 petrina
1664 898 1810 941 modo
1857 897 2090 941 Johannis

344 972 546 1028 Berkley
579 969 768 1014 militis2
808 985 865 1013 ex
898 975 1034 1027 parte
1069 968 1391 1012 occidentali:
1433 967 1710 1011 habendum
1749 972 1796 1011 et
1829 966 2091 1010 tenendum

343 1047 501 1085 totum
539 1041 810 1097 predictum
846 1040 1088 1096 integrum
1123 1043 1467 1090 tenementum,
1509 1042 1612 1090 eto,
1649 1036 1848 1093 prefatis
1880 1036 2088 1094 Johanni

344 1111 564 1154 Renawd
589 1115 635 1153 et
660 1109 937 1153 Clemencie
961 1108 1097 1152 uxori
1122 1122 1202 1151 sue
1225 1106 1480 1151 heredibus
1513 1112 1560 1150 et
1590 1107 1849 1163 assignatis
1877 1105 2090 1149 eiusdem

343 1180 574 1224 Johannis
613 1180 966 1235 imperpetuum
1004 1178 1061 1221 de
1100 1176 1399 1233 capitalibus
1437 1176 1648 1219 dominis
1681 1175 1810 1219 feodi
1846 1175 1977 1219 illius
2010 1189 2092 1231 per

343 1250 557 1293 redditus
580 1254 626 1292 et
653 1248 856 1291 servicia
886 1247 997 1290 inde
1028 1246 1209 1298 debita,
1242 1251 1329 1289 etc.
1398 1245 1660 1289 Reddendo
1693 1245 1802 1288 inde
1836 1244 2091 1287 annuatim

343 1318 483 1362 nobis
518 1317 716 1374 prefatis
750 1316 937 1360 Thome
977 1322 1023 1360 et
1064 1318 1344 1373 Margarete,
1385 1320 1490 1368 etc„
1526 1315 1703 1371 viginti
1748 1328 1934 1358 marcas
1977 1318 2088 1357 ster-

345 1389 587 1445 lingorum
622 1402 770 1443 usque
804 1387 867 1429 ad
900 1385 1043 1429 finem
1079 1385 1253 1442 viginti
1289 1399 1525 1428 annorum
1560 1390 1669 1440 post
1702 1384 1869 1427 datam
1903 1397 2088 1439 presen—

345 1458 474 1502 cium
507 1458 726 1514 proxime
759 1455 1028 1499 futurorum
1062 1455 1123 1498 ad
1158 1459 1366 1511 quatuor
1398 1454 1512 1497 anni
1546 1454 1777 1497 terminos
1802 1452 2094 1510 principales

345 1534 393 1572 et
432 1528 479 1570 in
519 1527 641 1570 villa
676 1526 894 1583 predicta
929 1525 1119 1569 usuales
1155 1525 1289 1581 equis
1333 1522 1642 1580 porcionibus
1685 1524 1842 1579 primo
1886 1522 2092 1565 termino

344 1597 607 1641 solucionis
666 1596 929 1652 incipiente
989 1595 1037 1637 in
1098 1594 1221 1637 festo
1280 1593 1574 1638 Nativitatis
1632 1593 1795 1636 Sancti
1860 1591 2094 1649 Johannis

346 1663 583 1722 Baptiste3
636 1664 858 1721 proximo
917 1663 1077 1707 futuro
1137 1668 1245 1720 post
1304 1662 1472 1706 datam
1526 1661 1840 1718 presencium.
1939 1660 1998 1703 Et
2053 1660 2091 1703 si

345 1736 601 1792 contingat
680 1733 952 1790 predictum
1032 1732 1294 1776 annualem
1361 1731 1627 1775 Redditum
1693 1730 1870 1787 viginti
1941 1744 2091 1773 marc-

346 1820 496 1858 arum,
531 1809 635 1856 etc.,
670 1808 827 1846 aretro
864 1801 963 1845 fore
1002 1817 1084 1859 per
1123 1801 1409 1858 quindecem
1444 1801 1544 1844 dies
1577 1805 1685 1857 post
1718 1799 1861 1843 finem
1897 1798 2095 1842 alterius

347 1874 555 1927 termini,
610 1878 715 1926 etc.,
766 1887 860 1916 non
914 1871 1127 1915 solutum
1181 1871 1383 1915 durante
1442 1870 1672 1926 predictis
1726 1868 1900 1925 viginti
1956 1868 2095 1911 annis

347 1949 523 1988 extunc
575 1942 696 1986 bene
750 1941 919 1985 licebit
979 1941 1118 1984 nobis
1175 1939 1375 1997 prefatis
1432 1938 1620 1983 Thome
1681 1938 1986 1995 Midlyngton
2048 1942 2095 1980 et

350 2013 616 2071 Margarete
655 2012 792 2056 uxori
832 2025 936 2054 mee
975 2025 1031 2054 ac
1075 2011 1155 2054 uni
1194 2016 1465 2054 nostrorum
1499 2008 1681 2052 diutius
1715 2007 1897 2050 viventi
1930 2005 2092 2049 hered-

348 2083 454 2126 ibus
487 2087 534 2126 et
567 2081 826 2138 assignatis
864 2081 1037 2124 nostris
1075 2080 1124 2122 in
1164 2080 1405 2136 integrum
1450 2082 1779 2121 tenementum
1824 2076 2095 2132 predictum

349 2153 525 2196 intrare
580 2151 863 2208 distringere
918 2155 965 2193 et
1018 2149 1344 2193 districtiones
1399 2147 1583 2191 ibidem
1636 2147 1858 2189 inventas
1910 2159 2094 2201 capere,

348 2227 453 2274 etc,
498 2235 555 2264 ac
600 2234 744 2276 penes
792 2234 877 2262 nos
922 2219 1126 2262 retinere
1171 2232 1417 2274 quousque
1462 2216 1614 2268 nobis,
1660 2220 1763 2267 etc.,
1804 2214 1861 2257 de
1904 2213 2096 2257 redditu

348 2290 566 2347 predicto
625 2304 721 2333 una
786 2303 896 2332 cum
963 2288 1187 2344 dampnis
1253 2292 1301 2330 et
1367 2285 1585 2342 expensis
1638 2284 1812 2327 nostris
1879 2282 2095 2339 plenarie

349 2359 493 2404 fuerit
556 2357 873 2402 satisfactum.
972 2356 1032 2399 Et
1085 2356 1123 2399 si
1178 2356 1434 2413 contingat
1500 2353 1768 2411 predictum
1834 2351 2096 2395 annualem

349 2429 592 2473 redditum
649 2427 825 2484 viginti
882 2440 1152 2469 marcarum
1206 2430 1362 2469 aretro
1432 2423 1531 2467 fore
1600 2437 1695 2466 non
1749 2422 1961 2465 solutum
2014 2434 2097 2477 per

350 2513 500 2542 unum
543 2511 721 2540 annum
767 2496 1009 2552 integrum
1052 2494 1337 2538 durantibus
1380 2493 1607 2550 predictis
1646 2491 1821 2548 viginti
1861 2490 2001 2533 annis
2049 2493 2096 2532 et

351 2566 589 2611 sufficiens
627 2565 867 2609 districtio
903 2569 1016 2607 tunc
1052 2564 1100 2606 in
1140 2563 1310 2607 eodem
1350 2563 1538 2619 integro
1578 2565 1854 2604 tenemento
1893 2559 2095 2602 inveniri

352 2651 448 2680 non
486 2635 665 2692 poterit
701 2639 876 2678 extunc
915 2632 1033 2676 bene
1070 2632 1239 2676 licebit
1276 2631 1416 2676 nobis
1451 2630 1650 2687 prefatis
1678 2628 1866 2672 Thome
1897 2633 1944 2671 et
1976 2629 2093 2670 Mar-

354 2710 529 2762 garete,
570 2709 673 2756 etc.,
713 2703 762 2746 in
806 2703 1048 2759 integrum
1092 2706 1420 2745 tenementum
1464 2700 1734 2757 predictum
1777 2698 2005 2741 reintrare
2049 2701 2097 2739 et

467 2934 478 2955 1
493 2933 666 2958 “Venellam
687 2938 743 2963 que
763 2932 844 2957 duwit
879 2951 884 2957 .
921 2951 926 2956 .
963 2949 968 2956 .
1005 2937 1104 2956 versus
1125 2931 1150 2956 le
1170 2930 1339 2961 flodegates'
1382 2929 1422 2954 Le
1445 2928 1604 2959 Flodegate
1626 2928 1705 2952 must
1725 2911 1800 2951 have
1821 2925 1892 2951 been
1913 2925 1963 2950 the
1985 2925 2064 2949 west

388 2975 470 3006 Gate,
490 2975 547 3000 and
567 2974 617 2999 the
637 2974 704 2999 lane
722 2974 752 2999 in
773 2973 909 3004 question
929 2973 1007 2997 must
1027 2972 1102 2997 have
1123 2972 1196 2997 been
1216 2971 1266 2996 the
1284 2971 1376 2996 street
1393 2969 1602 3001 subsequently
1622 2969 1730 2993 known
1749 2974 1779 2993 as
1793 2967 1940 2997 westgate
1959 2965 2062 2990 Street.

388 3017 450 3042 The
462 3016 577 3041 Terrier
589 3015 619 3040 of
632 3016 696 3040 1455
710 3015 852 3040 describes
865 3014 996 3039 Bolehall
1009 3020 1040 3039 as
1051 3013 1191 3045 standing
1203 3014 1234 3038 at
1248 3012 1299 3038 the
1311 3018 1415 3037 corner
1427 3011 1457 3036 ot
1470 3010 1562 3042 Bugle
1580 3009 1676 3035 Street
1694 3009 1752 3034 and
1770 3008 1820 3033 the
1839 3008 1930 3033 street
1948 3006 2064 3037 leading

390 3060 421 3083 to
434 3058 484 3083 the
497 3057 574 3083 West
588 3057 668 3082 Gate.
