2212 3408
60 441 136 475 Fol.
159 440 227 474 111.

363 162 418 205 24
943 161 1036 191 THE
1071 161 1227 193 BLACK
1262 162 1387 193 BOOK

753 326 1073 384 [Transcribed
1106 329 1198 372 (md
1231 327 1579 385 Summarioed]

360 437 436 481 Ad
473 439 657 482 curiam
695 444 882 482 tentam
920 438 1103 482 ibidem
1136 438 1213 482 die
1253 439 1421 482 martis
1457 439 1680 496 proximo
1718 444 1827 496 post
1864 439 2038 484 festum

300 507 475 551 Sancte
506 507 641 551 Anne
671 507 812 552 Anno
841 508 998 565 Regni
1034 508 1182 565 Regis
1217 508 1415 552 Ricardi
1442 509 1638 552 secundi
1668 509 1858 553 decimo
1888 507 2039 554 sexto1

299 591 462 620 coram
486 576 508 620 J
514 578 704 621 ohanne
731 577 863 621 Flete
887 582 1002 621 tunc
1026 577 1219 620 Ballivo
1242 576 1436 621 ibidem.

361 687 436 731 Ad
474 688 599 731 hanc
636 688 820 731 curiam
856 692 1088 731 venerunt
1128 687 1365 731 Ricardus
1405 687 1544 731 Hake
1582 693 1629 731 et
1669 688 1883 732 Cristina
1921 703 2040 733 uxor

300 757 401 800 eius
444 757 502 800 de
545 757 904 813 Suthamptona
948 761 996 800 et
1043 756 1360 812 protulerunt,
1405 761 1509 809 eto,
1554 757 1801 813 quandam
1854 763 2039 801 cartam

299 824 595 869 feoffamenti
619 825 753 881 cujus
776 831 913 869 tenor
938 826 1165 882 sequitur,
1191 830 1278 869 etc.
1345 825 1511 869 Sciant
1540 831 1779 882 presentes
1812 832 1859 870 et
1892 826 2040 870 futuri

299 894 429 950 quod
450 909 536 937 nos
562 893 798 938 Ricardus
823 894 962 937 Hake
985 899 1033 938 et
1058 894 1270 938 Cristina
1300 909 1421 937 uxor
1453 909 1561 938 mea
1592 895 1650 938 de
1683 895 2040 952 Suthamptona

299 963 531 1016 dedimus,
563 968 667 1015 etc.,
701 963 912 1007 Ricardo
944 963 1206 1021 Bradewey
1240 963 1455 1007 eiusdem
1485 964 1602 1008 ville
1634 963 1857 1022 burgensi
1892 980 2041 1008 unam

297 1032 504 1076 crottam
543 1037 662 1076 terre
698 1032 897 1076 arabilis
930 1033 1175 1089 jacentem
1211 1034 1258 1076 in
1292 1032 1532 1077 Suburbio
1570 1033 1685 1077 ville
1721 1033 1952 1090 predicte²
1990 1035 2038 1077 in

296 1102 529 1158 parochia
565 1102 764 1145 ecclesie
808 1102 983 1146 Sancte
1027 1103 1177 1146 Marie
1223 1103 1271 1145 in
1314 1103 1424 1146 vico
1468 1103 1526 1146 de
1571 1103 1727 1146 Estret
1771 1104 1820 1146 in
1865 1103 2038 1147 boriali

298 1176 432 1227 parte
487 1171 700 1227 ejusdem
743 1172 837 1215 vici
892 1173 1015 1215 inter
1058 1173 1362 1229 mesuagium
1406 1172 1636 1216 Nicholai
1683 1173 1937 1229 Chapman
1982 1189 2040 1217 ex

298 1246 433 1297 parte
497 1241 723 1284 orientali
790 1246 837 1284 et
902 1247 1077 1285 terram
1141 1242 1376 1285 Johannis
1441 1242 1712 1298 Polymond
1776 1257 1834 1285 ex
1904 1248 2040 1299 parte

297 1310 590 1353 occidentali
616 1316 662 1353 et
686 1311 818 1353 viam
842 1311 1026 1367 regiam
1050 1326 1108 1354 ex
1130 1316 1266 1367 parte
1290 1310 1489 1354 australi
1526 1316 1572 1355 et
1600 1317 1774 1354 terram
1807 1311 2041 1369 Johannis

298 1378 525 1423 Pukbrok
573 1393 631 1422 ex
676 1384 812 1435 parte
866 1379 1057 1423 boriali.
1146 1380 1438 1424 Habendum
1487 1385 1534 1423 et
1578 1381 1839 1424 tenendum
1882 1386 2040 1424 totam

296 1448 566 1504 predictam
619 1447 823 1492 crottam
878 1463 987 1492 curn
1041 1449 1137 1493 suis
1190 1449 1501 1506 pertinenciis
1553 1449 1771 1505 predicto
1828 1449 2040 1494 Ricardo

298 1518 574 1574 Bradewey,
638 1517 892 1562 heredibus
961 1525 1007 1561 et
1077 1519 1337 1576 assignatis
1404 1519 1500 1562 suis
1570 1519 1904 1575 inperpetuum
1982 1521 2039 1564 de

295 1587 499 1643 capitali
555 1587 754 1630 domino
808 1586 937 1631 feodi
989 1587 1120 1631 illius
1167 1603 1250 1644 per
1303 1588 1506 1632 servicia
1555 1588 1665 1631 inde
1714 1587 1894 1642 debita,
1950 1594 2037 1633 etc.

297 1656 357 1699 Et
399 1671 485 1699 nos
541 1670 651 1699 vero
694 1656 899 1712 predicti
947 1657 1183 1700 Ricardus
1238 1657 1375 1700 Hake
1422 1663 1469 1700 et
1514 1656 1726 1700 Cristina
1769 1672 1889 1701 uxor
1931 1673 2039 1702 mea

296 1731 343 1769 et
396 1725 590 1769 heredes
643 1725 791 1769 nostri
837 1730 995 1769 totam
1036 1726 1306 1782 predictam
1349 1725 1555 1770 croftam
1599 1731 1732 1779 terre,
1777 1731 1881 1780 etc„
1935 1742 2037 1783 pre-

295 1795 427 1838 dicto
469 1794 682 1837 Ricardo
726 1794 1003 1852 Bradewey,
1048 1800 1154 1849 etc„
1197 1800 1365 1839 contra
1398 1810 1564 1838 omnes
1614 1801 1779 1853 gentes
1828 1801 2036 1840 warant-

295 1863 532 1907 izabimus
586 1869 632 1907 et
684 1863 994 1908 defendemus
1045 1865 1412 1921 imperpetuum.
1510 1866 1560 1907 In
1604 1865 1738 1921 cujus
1791 1866 1855 1908 rei
1907 1867 2037 1909 testi-

295 1934 513 1977 monium
556 1933 720 1990 sigilla
759 1939 922 1977 nostra
960 1934 1167 1990 presenti
1204 1935 1527 1990 apposuimus.
1616 1934 1676 1977 Et
1709 1935 1772 1977 ad
1804 1935 2039 1979 maiorem

293 2002 434 2058 hujus
463 2003 528 2046 rei
559 2003 867 2046 securitatem
898 2002 1173 2047 faciendam
1203 2003 1420 2060 sigillum
1450 2003 1596 2046 officii
1628 2004 1894 2047 maioratus
1923 2004 2039 2048 ville

293 2071 648 2128 Suthamptone
702 2072 947 2116 antedicte
1000 2074 1206 2129 presenti
1262 2073 1441 2130 apponi
1498 2074 1885 2129 procuravimus;
1945 2075 2039 2117 hiis

294 2140 495 2184 testibus
528 2141 746 2185 Johanne
794 2142 1065 2198 Polymond
1100 2148 1213 2185 tunc
1257 2142 1453 2195 maiore,
1487 2141 1706 2185 Johanne
1748 2142 1881 2186 Flete
1926 2148 2039 2187 tunc

295 2210 502 2263 Balbvo,
534 2210 776 2254 Nicholao
816 2211 1084 2268 langstoke,
1118 2211 1336 2255 Johanne
1370 2211 1574 2264 Skarlet‚
1610 2212 1839 2268 Philippo
1874 2210 2040 2266 Cake,3

293 2279 510 2323 Johanne
546 2280 726 2324 Borard
760 2286 807 2324 et
840 2281 963 2324 aliis.
1043 2281 1174 2324 Data
1213 2281 1603 2337 Southamptona
1641 2281 1873 2325 vicesimo
1911 2297 2039 2325 nono

295 2348 372 2391 die
415 2348 533 2405 Julii
577 2363 706 2392 anno
749 2350 882 2406 regni
928 2350 1052 2407 regis
1096 2349 1294 2393 Ricardi
1334 2350 1528 2393 secundi
1573 2356 1681 2406 post
1723 2356 2038 2406 conquestum

296 2416 472 2474 Anglie
516 2417 706 2460 decimo
749 2417 918 2461 sexto.4
1002 2418 1113 2476 Qua
1158 2419 1354 2475 quidem
1397 2424 1532 2462 carta
1585 2419 1802 2475 predicta
1845 2418 2038 2475 publice

297 2485 423 2528 lecta
447 2491 493 2529 et
517 2486 688 2529 audita
712 2487 761 2529 in
784 2486 929 2542 plena
952 2488 1087 2531 curia
1117 2488 1333 2543 predicta
1369 2488 1472 2544 ipsa
1497 2487 1709 2531 Cristina
1740 2488 1844 2531 sola
1877 2503 1959 2544 per
1991 2503 2038 2532 se

296 2555 578 2597 examinata
602 2559 648 2598 et
670 2554 830 2610 jurata
861 2554 1039 2599 fatetur
1073 2562 1119 2599 et
1151 2556 1344 2612 publice
1379 2557 1662 2613 recognovit
1699 2557 1824 2600 hanc
1853 2561 2037 2600 cartam

296 2637 393 2666 esse
432 2622 615 2667 factum
659 2638 797 2667 suum
841 2629 887 2667 et
927 2625 1056 2681 quod
1098 2626 1354 2681 spontanie
1398 2626 1523 2669 hanc
1561 2625 1659 2669 fieri
1701 2624 1815 2669 fecit
1858 2625 2037 2681 absque

295 2693 577 2736 cohercione
615 2693 818 2749 predicti
861 2694 1057 2737 Ricardi
1102 2695 1240 2738 Hake
1278 2695 1367 2738 viri
1412 2695 1498 2739 sui.
1586 2695 1646 2739 Et
1684 2695 1754 2738 ita
1791 2695 1926 2751 petit>
1958 2694 2037 2738 hic

296 2760 570 2815 inbreviari,
594 2767 682 2806 etc.
749 2762 810 2806 Et
832 2762 1042 2806 admissa
1067 2769 1137 2807 est
1165 2778 1248 2820 per
1280 2765 1465 2808 curiam
1498 2769 1545 2808 et
1579 2763 1875 2808 inbreviatur
1896 2768 2038 2820 prout

295 2844 437 2886 supra
460 2835 595 2886 paret
619 2831 668 2873 in
692 2830 1019 2875 exclusionem
1039 2832 1158 2888 juris
1179 2833 1266 2886 sui,
1292 2831 1399 2877 etc.⁵

411 3040 420 3060 1
437 3039 579 3071 Tuesday,
591 3041 663 3072 July
677 3042 751 3072 aoth,
766 3044 836 3067 1392.

410 3107 422 3126 2
437 3106 451 3118 “⁴
461 3106 494 3131 In
507 3107 646 3132 suburbio
660 3108 727 3133 villo
740 3108 893 3140 promotes*
913 3110 965 3140 i.e.‚
979 3111 1092 3136 outside
1106 3111 1155 3136 the
1168 3111 1259 3137 walls.

410 3174 423 3192 3
440 3172 551 3204 Philip
568 3173 903 3208 Oake,Parliamenta1·y
916 3177 1035 3207 burget-is
1048 3178 1110 3202 1378
1124 3177 1165 3204 (J.
1178 3176 1202 3202 S.
1217 3177 1328 3207 Davies,
1345 3176 1428 3203 Hist.
1441 3177 1727 3208 QfSouthampton.
1747 3182 1772 3207 p.
1787 3174 1860 3206 201).
