2212 3408
79 919 153 952 Ful.
178 918 232 951 111
250 918 289 950 Β.

79 2562 155 2595 Fol.
180 2561 238 2594 IY.

385 122 440 166 28
971 135 1066 165 THE
1099 125 1257 166 BLAc'K
1291 136 1417 166 BOOK

884 268 920 312 F
924 268 986 313 ol.
1022 269 1084 312 ΙΙΙ
1121 267 1184 325 (2)
1221 267 1507 325 (continued).

319 377 469 406 unum
506 362 697 415 Basnet,
733 377 880 407 unam
917 363 1133 415 loricam,
1169 379 1318 407 unum
1356 378 1443 420 par
1476 369 1803 407 cerotecarum
1839 364 1896 407 de
1932 363 2063 420 plate

320 437 368 475 et
406 447 554 476 unum
590 430 803 488 eiphum¹
838 438 1121 489 argenteum
1159 433 1420 476 secundum
1465 433 1728 477 meliorem.
1795 433 1916 476 Item
1956 434 2065 491 lego

322 501 532 545 Ricardo
569 503 674 558 Mey
711 501 896 545 Juniori
936 501 1037 544 filio
1076 516 1184 545 meo
1222 503 1477 559 sexaginta
1512 502 1692 546 solidos
1726 502 2063 560 sterlingorum

319 585 439 627 quos
481 571 629 614 michi
674 569 816 614 debet
859 570 1102 614 Johannes
1141 571 1307 614 Patrik
1345 571 1403 614 de
1445 571 1721 628 Vv’yntonia.
1800 571 2066 615 Residuum

319 655 431 684 vero
473 639 709 683 bonorum
753 654 969 683 meorum
1018 641 1233 696 superius
1275 655 1371 684 non
1416 640 1688 697 legatorum
1732 640 1842 698 lego
1886 640 2064 698 Agneti

320 709 456 753 uxori
482 723 584 753 mee
609 708 785 752 debitis
820 709 939 752 meis
966 709 1122 764 primo
1146 709 1414 765 persolutis.
1481 710 1554 753 Ita
1590 710 1719 766 quod
1754 710 1883 753 idem
1906 710 2066 767 Agnes

319 778 508 822 ordinet
532 783 579 821 et
602 778 829 833 disponat
852 792 937 834 pro
971 778 1137 820 anima
1172 793 1278 821 mea
1311 783 1413 821 tarn
1436 779 1485 821 in
1509 780 1726 835 exequiis
1765 780 1883 823 meis
1918 795 2065 836 quam

319 848 368 890 in
392 848 470 890 die
497 847 739 903 sepulture
764 861 867 890 mee
898 861 983 902 pro
1013 861 1121 890 cera
1152 853 1199 890 et
1235 847 1581 891 distribucione
1617 863 1882 904 pauperum
1921 864 1977 892 ac
2016 850 2064 892 in

318 917 430 959 aliis
468 916 744 959 necessariis
787 914 1022 959 faciendis
1069 916 1195 960 sicut
1239 917 1345 972 ipsa
1393 916 1565 960 melius
1607 917 1783 961 viderit
1827 918 2063 975 expedire.

322 985 476 1042 Hujus
514 990 679 1029 autem
715 985 994 1028 testamenti
1034 985 1205 1028 ordino
1243 984 1372 1029 facio
1417 991 1463 1029 et
1506 986 1750 1030 constituo
1790 992 2066 1031 executores

319 1054 466 1099 meos2
509 1054 748 1112 Agnetem
792 1069 990 1098 uxorem
1034 1069 1193 1099 meam
1244 1061 1290 1098 et
1341 1055 1624 1112 Philippum
1669 1054 1833 1100 Stone3
1876 1062 1930 1100 ut
1974 1057 2064 1113 ipsi

318 1124 504 1168 faciant
567 1139 653 1181 pro
716 1125 883 1167 anima
947 1139 1055 1167 mea
1119 1125 1243 1168 sicut
1317 1125 1490 1168 melius
1552 1125 1762 1168 viderint
1826 1126 2062 1182 expedire.

320 1194 584 1238 Probatum
638 1193 731 1237 fuit
784 1208 973 1250 presens
1037 1199 1381 1237 testamentum
1445 1209 1608 1237 coram
1672 1194 1812 1238 nobis
1866 1195 2065 1238 Decano

317 1264 670 1320 Suthamptone
706 1264 755 1306 in
791 1263 995 1306 ecclesia
1031 1262 1266 1306 Omnium
1299 1262 1601 1307 Sanctorum4
1639 1264 1739 1306 xvi⁰
1778 1264 1856 1307 die
1891 1265 2066 1308 mensis

317 1332 433 1377 Julii
478 1348 606 1376 anno
651 1332 835 1376 domini
892 1332 1154 1375 millesimo
1203 1335 1333 1376 cccmo
1386 1333 1703 1389 nonagesimo
1756 1334 1965 1377 secundo
2019 1339 2066 1377 et

318 1402 538 1459 legitime
591 1401 966 1458 pronunciatum
1019 1401 1190 1445 eodem
1243 1416 1563 1458 concessaque
1618 1407 1688 1445 est
1731 1402 2065 1446 executoribus

318 1472 367 1514 in
422 1476 715 1515 testamento
768 1471 982 1527 superius
1045 1471 1311 1514 nominatis
1368 1471 1587 1514 omnium
1648 1471 1885 1515 bonorum
1945 1472 2064 1515 dicti

319 1541 597 1584 testamenti
641 1540 1004 1584 administratio
1048 1541 1097 1583 in
1140 1539 1295 1584 forma
1338 1539 1467 1596 juris.
1550 1541 1600 1583 In
1644 1540 1779 1597 cujus
1822 1541 1887 1585 rei
1932 1542 2062 1585 testi-

318 1610 537 1653 monium
559 1610 777 1666 sigillum
799 1608 945 1653 officii
974 1610 1122 1653 nostri
1156 1609 1456 1666 presentibus
1488 1610 1813 1666 apposuimus.
1881 1610 2063 1654 Datum

318 1680 670 1736 Suthamptone
694 1679 771 1723 die
795 1679 903 1723 loco
927 1685 973 1723 et
996 1694 1124 1722 anno
1147 1679 1438 1735 supradicto.

898 1919 1051 1977 [LAND
1087 1919 1479 1975 CONVEYANCES.]

777 2039 1098 2096 [Tmnscribed
1131 2040 1223 2083 and
1256 2040 1287 2084 S
1292 2056 1317 2082 u
1325 2038 1603 2096 mmarised]

380 2144 454 2188 Ad
507 2144 692 2187 curiam
747 2149 933 2186 tentam
987 2143 1116 2199 apud
1165 2143 1575 2199 Suthamptonam
1628 2157 1792 2186 coram
1844 2142 2063 2200 johanne

320 2213 591 2270 Polymond
634 2213 816 2256 maiore
861 2217 909 2255 et
956 2212 1173 2255 Johanne
1221 2212 1353 2255 Flete
1401 2217 1514 2255 tunc
1562 2211 1753 2254 Ballivo
1797 2217 1845 2254 et
1887 2217 2060 2255 sectat-

319 2283 480 2327 oribus
522 2282 650 2326 curie
694 2282 772 2325 die
811 2281 979 2324 martis
1017 2281 1238 2337 proximo
1278 2286 1385 2336 post
1420 2279 1595 2324 festum
1633 2280 1873 2324 Cathedre
1906 2281 2061 2324 sancti

321 2353 449 2395 Petri
495 2366 624 2394 anno
672 2351 805 2408 regni
864 2350 1010 2407 Regis
1072 2350 1269 2393 Ricardi
1327 2349 1522 2393 secundi
1578 2347 1720 2392 xv⁰¹⁰.5
1815 2349 1887 2392 Ad
1938 2350 2064 2392 hanc

318 2421 503 2465 curiam
552 2424 782 2463 venerunt
827 2419 1069 2462 Johannes
1120 2419 1295 2475 Ryuell
1340 2424 1387 2462 et
1431 2418 1653 2476 Johanna
1699 2433 1819 2461 uxor
1862 2419 1963 2461 eius
2016 2423 2062 2461 et

318 2490 633 2547 protulerunt,
668 2494 773 2541 etc„
807 2494 994 2532 cartam
1027 2489 1163 2531 cuius
1197 2493 1333 2531 tenor
1364 2488 1592 2544 sequitur,
1627 2492 1714 2531 etc.

379 2567 560 2619 Sciant,
584 2571 688 2619 eto,
713 2566 843 2623 quod
865 2580 951 2609 nos
973 2565 1215 2623 Johannes
1242 2565 1417 2622 Ryuell
1456 2570 1503 2608 et
1535 2565 1758 2609 Johanna
1796 2579 1916 2608 uxor
1953 2578 2062 2608 mea

318 2651 468 2693 nuper
510 2650 629 2680 uxor
674 2634 929 2679 Willielmi
984 2632 1150 2678 Boole⁶
1204 2634 1262 2678 de
1316 2635 1639 2691 Suthampton
1694 2634 1926 2686 dedimus,
1972 2638 2060 2677 etc.

434 2814 444 2834 1
460 2812 660 2845 “Annorum'’
679 2811 767 2839 Hist.
782 2811 872 2838 MSS.
886 2810 964 2838 Com.
978 2811 1109 2843 Report,
1122 2810 1173 2842 XI,
1186 2810 1341 2842 Appenxiix
1356 2810 1409 2841 ΙΙΙ,
1423 2817 1447 2842 p.
1463 2811 1502 2836 10.

433 2881 444 2900 2
459 2879 520 2905 The
540 2879 653 2904 custom
675 2879 705 2903 ot
724 2878 897 2910 appointing
918 2884 954 2903 an
976 2882 1116 2903 executor
1138 2877 1184 2902 for
1203 2883 1283 2902 smne
1304 2877 1409 2909 special
1429 2882 1561 2908 purpose,
1579 2882 1612 2901 as
1630 2876 1659 2901 in
1682 2875 1731 2900 the
1751 2876 1868 2906 present
1888 2875 2028 2906 instance,

352 2927 471 2953 appears
485 2922 515 2946 to
527 2920 600 2946 have
613 2920 685 2945 been
698 2926 833 2945 common
844 2927 850 2948 ;
869 2919 927 2944 and
942 2919 991 2944 the
1004 2920 1214 2950 arrangement
1232 2919 1277 2944 for
1295 2918 1425 2949 handing
1439 2924 1476 2943 on
1489 2917 1539 2943 the
1551 2916 1755 2948 executorship
1767 2917 1799 2941 to
1812 2915 1863 2941 the
1875 2917 2030 2942 executore

352 2963 382 2987 of
404 2962 455 2988 the
473 2963 627 2988 executore
646 2961 703 2987 had
723 2961 854 2992 recently
876 2961 948 2986 been
970 2960 1108 2992 legalised
1128 2960 1167 2992 by
1183 2961 1295 2985 statute
1318 2959 1327 2988 (
1333 2959 1375 2985 W.
1394 2959 1420 2984 S.
1433 2957 1732 2989 Holdsworth,Hist.
1744 2957 1783 2990 of
1791 2957 1930 2989 Enqlish
1942 2957 2027 2989 Law,

353 3004 416 3029 Vol.
429 3004 484 3034 ΙΙΙ,
496 3010 540 3035 pp.
552 3002 654 3035 445-6).
688 3002 751 3029 The
763 3004 877 3029 custom
890 3002 921 3028 of
933 3002 1107 3034 appoiuting
1119 3002 1170 3027 the
1183 3002 1251 3027 wife
1263 3008 1294 3027 as
1307 3007 1362 3026 one
1379 3001 1410 3026 of
1427 3000 1478 3026 the
1493 3001 1647 3026 executore
1658 3005 1749 3025 seems
1763 2999 1980 3025 characteristic
1999 2999 2029 3024 of

356 3045 580 3076 south-ammon.

433 3112 446 3131 3
462 3111 556 3143 Philip
569 3111 657 3137 Stone
669 3111 818 3141 evidently
832 3111 914 3136 acted
928 3117 958 3136 as
969 3112 1107 3136 executor
1119 3109 1349 3141 independently
1369 3109 1398 3134 ot
1417 3109 1513 3140 Agnes
1531 3108 1605 3140 Μῦς,
1623 3114 1654 3133 as
1671 3107 1700 3133 in
1720 3108 1782 3132 1413
1798 3107 1879 3133 there
1892 3108 1914 3132 is
1926 3114 1942 3132 a
1956 3107 2028 3132 deed

356 3153 384 3177 of
396 3153 455 3178 sale
468 3152 505 3183 by
517 3152 576 3177 him
590 3152 618 3177 of
632 3158 686 3178 one
698 3152 728 3177 ot
740 3151 829 3183 Mey's
841 3151 935 3182 shopffi
949 3151 1078 3176 without
1092 3151 1239 3176 reference
1253 3152 1282 3176 to
1297 3150 1350 3175 her
1363 3157 1394 3175 as
1406 3150 1590 3174 co-exeoutor
1603 3148 1665 3179 (F'o.
1680 3149 1728 3173 xiv
1744 3148 1787 3180 b).
