2212 3408
352 104 408 146 66
940 118 1033 147 THE
1069 118 1225 150 BLACK
1260 119 1385 150 BOOK

833 285 934 330 Fol.
970 285 1079 330 VIII
1116 285 1178 343 (2)
1216 284 1500 344 (continued).

295 393 545 438 Willielmi
579 396 813 439 antedicti
838 399 883 439 in
912 397 1126 453 predicta
1151 398 1269 441 villa
1299 405 1439 454 prout
1471 400 1517 441 in
1552 397 1840 454 quibusdam
1875 399 2037 442 inden-

295 465 412 507 turis
450 466 572 508 inter
609 466 859 509 dominum
898 467 1215 511 VVillielmum
1257 468 1441 525 Mapull
1481 473 1527 511 et
1566 468 1814 511 custodem
1856 467 2039 513 Domus

296 531 402 577 Dei1
426 534 536 577 inde
569 534 800 578 confectis
832 536 1019 592 plenius
1052 538 1324 581 continetur
1357 552 1413 581 ac
1448 539 1602 581 eciam
1636 552 1782 581 unam
1817 538 2038 594 placeam

294 608 414 646 terre
437 618 643 647 vacuam
667 606 797 660 quod
819 606 1042 649 dominus
1064 606 1353 650 VVillielmus
1384 607 1565 662 Mapull
1588 621 1737 663 nuper
1760 609 2040 663 perquisivit

294 672 352 716 de
397 671 641 716 Richardo
685 675 946 730 Sherwynd
991 689 1137 730 quam
1181 676 1361 718 dictam
1402 675 1622 731 placeam
1669 682 1789 719 terre
1833 691 2039 720 vacuam

294 742 439 784 michi
464 742 646 798 legavit
668 748 809 798 prout
844 745 890 785 in
925 744 1138 799 quadam
1171 749 1305 787 carta
1339 744 1449 787 inde
1482 744 1704 788 confecta
1735 747 1855 789 inter
1886 746 2041 789 dictos

295 803 611 854 Willielmum
636 818 682 855 et
709 812 971 856 Ricardum
998 812 1184 868 plenius
1206 815 1490 856 continetur.
1558 814 1630 856 Ita
1666 815 1792 870 quod
1828 829 1915 858 nec
1949 828 2039 872 ego

295 881 534 936 Johannes
559 882 740 937 Mapull
764 896 851 925 nec
873 883 1068 925 heredes
1091 884 1183 926 mei
1208 897 1295 926 nec
1318 883 1493 938 aliquis
1515 883 1640 926 alius
1662 885 1856 927 nomine
1879 890 2041 928 nostro

297 951 343 992 in
382 949 514 992 dicto
558 955 835 994 tenemento
879 956 926 994 et
970 952 1100 994 dicta
1153 951 1323 1008 placea
1370 958 1488 995 terre
1533 966 1687 995 vacua
1731 954 1919 1009 exigere
1962 953 2039 996 vel

296 1018 549 1062 vendicare
582 1018 861 1075 poterimus²
894 1022 940 1063 in
976 1019 1187 1064 futurum
1222 1021 1304 1064 sed
1338 1020 1399 1064 ab
1431 1023 1562 1064 omni
1597 1023 1788 1065 actione
1820 1021 1936 1078 juris
1966 1024 2039 1065 vel

295 1087 471 1130 clamei
516 1089 563 1130 iu
608 1089 739 1132 dicto
774 1094 1050 1133 tenemento
1084 1096 1130 1134 et
1165 1091 1293 1133 dicta
1334 1091 1504 1146 placea
1540 1096 1659 1134 terre
1693 1105 1847 1134 vacua
1880 1105 2041 1135 sumus

297 1157 475 1200 exclusi
500 1159 864 1214 imperpetuum.
932 1159 982 1202 In
1014 1161 1147 1203 cuius
1180 1161 1244 1202 rei
1279 1161 1608 1202 testimonium
1642 1160 1855 1216 sigillum
1879 1175 2040 1203 meum

295 1228 510 1282 apposui.
601 1227 705 1270 Hiis
748 1228 950 1271 testibus
993 1228 1183 1271 Thoma
1230 1229 1495 1272 Middelton
1538 1234 1649 1272 tunc
1689 1231 1869 1273 maiore
1913 1230 2039 1272 dicte

295 1295 422 1346 ville,
449 1296 655 1339 Henrico
690 1298 908 1354 Holwey,
934 1299 1197 1341 Willielmo
1232 1297 1427 1350 Nicholl
1461 1305 1573 1341 tunc
1608 1298 1821 1351 Ballivis,
1848 1298 2040 1342 Thoma

294 1364 531 1422 Appelby‚
576 1367 792 1409 Johanne
838 1366 986 1420 Flete,
1036 1368 1240 1424 Hugone
1287 1367 1559 1424 Champion
1615 1373 1661 1411 et
1710 1369 1875 1411 multis
1918 1369 2038 1412 aliis.

296 1433 479 1477 Datum
515 1436 644 1491 apud
678 1436 1086 1492 Suthamptonam
1117 1439 1344 1480 vicesimo
1371 1451 1499 1480 nono
1531 1437 1606 1480 die
1631 1439 1804 1481 mensis
1827 1439 2039 1481 Januarii

293 1503 434 1547 Anno
458 1507 589 1561 regni
614 1507 737 1562 regis
761 1507 953 1549 Henrici
988 1508 1145 1562 quarti
1180 1512 1285 1562 post
1320 1512 1635 1562 conquestum
1661 1508 1832 1563 Anglie
1862 1504 2040 1551 tercio.3

295 1571 406 1632 Quo
429 1576 605 1630 scripto
633 1575 760 1618 lecto
795 1581 841 1618 et
875 1576 1058 1628 audito,
1082 1575 1295 1632 prefatus
1333 1577 1573 1619 Johannes
1608 1577 1788 1633 Mapull
1824 1578 2036 1620 examin-

293 1648 415 1695 atus,
439 1645 669 1701 cognovit
698 1645 966 1700 predictum
1001 1648 1230 1701 scriptum
1261 1659 1358 1688 esse
1393 1644 1575 1689 factum
1606 1660 1757 1689 suum.
1825 1646 1883 1690 Et
1917 1648 2040 1703 petit

293 1712 370 1755 hic
406 1712 662 1756 inbreviari
702 1715 749 1756 in
785 1714 1111 1758 exclusionem
1145 1714 1261 1770 juris
1298 1716 1368 1758 sui
1408 1719 1456 1758 et
1493 1715 1720 1759 heredum
1760 1730 1951 1759 suorum
1991 1717 2037 1759 in

294 1787 577 1838 perpetuum
620 1783 881 1827 secundum
929 1785 1339 1836 consuetudinem,
1384 1783 1492 1827 etc.4
1561 1784 1620 1828 Et
1664 1785 1925 1829 admissum
1970 1790 2039 1828 est

293 1865 377 1907 per
418 1853 600 1895 curiam
645 1858 692 1896 et
736 1852 1058 1897 inbreviatum
1111 1856 1208 1897 sive
1263 1853 1569 1897 irrotulatum
1613 1855 1659 1897 in
1715 1854 2039 1898 exclusionem

293 1918 408 1975 juris
429 1923 500 1965 sui
525 1927 571 1965 et
605 1922 833 1966 heredum
855 1936 1049 1967 suorum
1072 1924 1119 1966 in
1142 1928 1441 1979 perpetuum,
1465 1922 1572 1967 etc.‘1

409 2368 421 2389 l
439 2367 532 2394 God’s
550 2366 666 2398 House,
683 2373 716 2392 or
735 2366 787 2393 the
808 2367 943 2399 Hospital
965 2368 994 2393 of
1015 2367 1055 2393 St.
1070 2367 1178 2399 Julian,
1194 2374 1254 2393 was
1271 2368 1331 2393 said
1352 2370 1382 2394 to
1394 2368 1428 2393 be
1442 2367 1569 2393 founded
1583 2367 1620 2399 by
1634 2367 1761 2394 Gervase
1773 2368 1800 2394 le
1813 2369 1902 2395 Riche
1915 2369 2006 2395 about

329 2410 402 2435 1185.
437 2408 498 2434 The
511 2409 629 2434 warden
643 2415 730 2434 wasa
743 2409 855 2434 secular
867 2409 976 2440 priest;
999 2410 1054 2434 aud
1075 2415 1091 2433 a
1110 2410 1220 2434 certain
1239 2409 1363 2434 number
1381 2410 1410 2434 of
1431 2415 1503 2440 poor
1521 2409 1661 2435 brethren
1682 2410 1739 2435 and
1757 2411 1857 2436 sistere
1875 2411 2006 2437 received

328 2450 397 2476 tood
417 2451 475 2476 and
495 2450 616 2482 lodging
635 2450 693 2476 and
713 2456 730 2475 a
750 2450 834 2476 small
854 2451 1020 2476 ailowance.
1065 2450 1125 2476 The
1143 2450 1267 2483 hospital
1281 2457 1341 2476 was
1359 2451 1514 2482 destroyed
1528 2451 1564 2482 by
1579 2451 1630 2476 the
1644 2451 1756 2477 French
1770 2453 1799 2477 in
1813 2453 1887 2484 1338,
1900 2454 1956 2478 and
1971 2454 2008 2479 its

328 2493 507 2523 consequent
519 2491 780 2523 impoverishment
793 2492 897 2517 caused
910 2492 933 2517 it
952 2494 984 2517 to
1001 2493 1037 2517 be
1056 2492 1137 2517 freed
1155 2493 1230 2518 from
1252 2492 1291 2518 all
1311 2493 1389 2520 tolls.
1409 2495 1540 2524 pontage‚
1562 2499 1692 2524 murage‚
1713 2495 1767 2519 etc.
1802 2494 1891 2520 Later
1908 2495 1937 2519 in
1956 2494 2008 2520 the

328 2532 500 2559 fourteenth
513 2535 638 2565 century
651 2533 674 2558 it
687 2540 747 2558 was
759 2533 884 2564 granted
900 2535 928 2558 to
941 2533 1062 2564 Queen's
1074 2532 1196 2565 Colle-ge,
1210 2533 1331 2560 Oxford.
1366 2534 1395 2559 It
1408 2534 1464 2559 had
1485 2535 1569 2560 lands
1586 2535 1615 2560 in
1634 2534 1740 2561 Dorset
1757 2537 1815 2561 and
1834 2536 1885 2561 the
1904 2536 1959 2562 Isle
1977 2536 2007 2562 ot

329 2574 438 2607 nght,
450 2581 482 2601 as
493 2576 561 2601 well
572 2581 603 2601 as
615 2575 710 2606 rights
722 2581 793 2600 over
804 2575 856 2600 the
868 2574 931 2600 Salt
943 2575 1043 2600 Marah
1056 2577 1086 2600 at
1100 2574 1323 2607 Southampton,
1335 2575 1430 2601 which
1443 2575 1538 2608 rights
1555 2578 1585 2601 at
1605 2582 1621 2601 a
1640 2577 1714 2602 later
1732 2576 1800 2602 date
1816 2578 1922 2604 caused
1940 2583 2006 2603 con-
