2212 3408
386 88 470 118 122
974 86 1068 117 THE
1103 86 1260 118 BLACK
1294 87 1419 118 BOOK

907 237 1009 283 Fol.
1044 236 1156 282 XVI
1193 236 1478 295 (continued).

318 365 467 408 usque
490 350 553 394 ad
577 349 706 393 idem
733 348 909 394 festum
941 364 1027 406 pro
1057 350 1190 394 omni
1225 349 1325 394 alio
1360 350 1562 394 servicio
1599 354 1646 393 et
1684 348 1938 393 demanda.
2005 348 2067 393 Et

319 426 496 465 extunc
538 425 645 476 post
701 420 884 463 dictum
935 420 1193 463 terminum
1248 419 1540 463 Nativitatis
1595 419 1793 463 Domini
1849 419 2067 476 elapsum

319 489 493 547 prefati
528 489 811 533 Ramundus
847 495 894 532 et
928 489 1151 533 Johanna
1183 490 1379 533 heredes
1412 494 1458 533 et
1494 489 1729 546 assignati
1764 503 1927 532 eorum
1963 493 2068 532 tota

319 561 423 604 vita
465 574 551 604 sua
595 559 671 602 vel
721 559 862 602 unius
910 573 1074 602 eorum
1127 573 1210 615 per
1259 573 1306 602 se
1357 573 1442 615 pro
1493 558 1722 615 predictis
1765 557 2067 610 tenementis,

319 635 424 683 etc.,
460 628 716 672 annuatim
751 629 937 671 solvent
975 627 1174 684 prefatis
1215 628 1438 671 Michaeli
1479 633 1527 671 et
1561 627 1780 681 Isabella,
1814 627 2069 671 heredibus

320 704 367 742 et
410 697 670 754 assignatis
713 711 877 740 eorum
925 701 1036 739 octo
1091 711 1278 739 marcas
1324 696 1663 754 sterlingorum
1706 696 1831 740 bone
1875 701 2068 740 monete

319 768 382 811 ad
425 772 633 823 quatuor
674 766 788 809 anni
837 765 1067 809 terminos
1111 766 1404 821 principales
1452 767 1587 822 equis
1629 765 1938 822 porcionibus
1982 780 2068 822 pro

319 835 543 880 omnibus
591 835 702 878 aliis
750 835 963 878 serviciis
1012 840 1059 878 et
1108 834 1374 878 demandis.
1472 834 1532 878 Et
1577 836 1615 878 si
1662 835 1918 891 contingat
1967 849 2066 891 pre-

318 905 505 949 dictum
542 904 785 948 redditum
824 909 935 947 octo
979 918 1250 947 marcarum
1284 909 1441 947 aretro
1483 903 1583 947 fore
1627 904 1676 947 in
1720 909 1856 960 parte
1898 904 1975 947 vel
2020 904 2069 946 in

319 980 425 1018 toto
468 989 564 1018 non
609 974 822 1017 solutum
866 973 928 1016 ad
972 973 1187 1030 aliquem
1232 974 1493 1017 terminum
1531 974 1862 1030 supradictum
1903 979 1950 1017 et
1988 988 2070 1030 per

318 1059 468 1088 unum
491 1058 704 1087 mensem
727 1048 896 1099 postea
920 1043 1049 1099 quod
1073 1048 1249 1086 extunc
1285 1042 1404 1087 bene
1441 1043 1589 1087 liceat
1621 1042 1821 1100 prefatis
1845 1043 2069 1087 Michaeli

320 1119 366 1157 et
406 1113 627 1166 Isabella,
667 1117 772 1165 eto,
812 1113 861 1155 in
901 1113 1130 1168 predictis
1175 1113 1476 1166 tenementis,
1516 1118 1620 1166 etc.,
1661 1113 1839 1156 intrare
1884 1118 1931 1156 et
1975 1113 2067 1156 dis-

320 1183 527 1240 tringere
561 1187 608 1225 et
642 1182 966 1225 districtiones
999 1181 1183 1225 ibidem
1217 1187 1386 1238 captas
1418 1197 1563 1238 penes
1592 1196 1639 1225 se
1669 1182 1872 1225 retinere
1896 1196 2067 1238 quous-

320 1267 412 1309 que
455 1252 513 1295 de
557 1251 800 1308 arreragio
844 1251 1058 1294 redditus
1102 1266 1197 1295 una
1244 1266 1353 1295 cum
1399 1251 1625 1308 dampnis
1668 1252 1764 1295 suis
1815 1252 1883 1295 eis
1926 1251 2070 1295 fuerit

320 1322 459 1379 plene
491 1320 811 1365 satisfactum.
879 1320 939 1364 Et
961 1319 1136 1377 prefati
1163 1320 1467 1365 Raimundus
1490 1326 1537 1364 et
1561 1322 1783 1364 Johanna
1805 1321 2000 1365 heredes
2023 1326 2070 1365 et

320 1391 554 1447 assignati
592 1405 755 1434 eorum
791 1389 1009 1446 predicta
1040 1395 1332 1443 tenementa,
1357 1395 1461 1444 etc.,
1487 1390 1690 1434 durante
1724 1391 1828 1434 vita
1858 1391 2071 1447 ipsorum

321 1461 397 1505 vel
440 1461 581 1504 unius
625 1474 788 1503 eorum
833 1474 917 1516 pro
960 1474 1008 1503 se
1056 1459 1177 1503 bene
1216 1465 1264 1503 et
1301 1465 1632 1516 competenter
1668 1460 1939 1517 sumptibus
1976 1460 2072 1504 suis

321 1530 525 1587 propriis
567 1528 874 1585 reparabunt,
913 1529 1253 1573 sustentabunt
1296 1535 1344 1573 et
1381 1529 1766 1574 manutenebunt
1806 1535 1852 1574 et
1892 1530 1940 1573 in
1979 1529 2072 1573 fine

323 1600 516 1644 termini
550 1599 814 1655 supradicti
849 1599 898 1641 in
942 1599 1065 1642 adeo
1100 1598 1228 1642 bono
1260 1604 1391 1643 statu
1430 1599 1517 1643 illa
1552 1599 1804 1643 dimittent
1837 1604 2073 1656 quatenus

323 1684 380 1713 ea
410 1673 702 1725 receperunt,
726 1667 863 1711 salvo
896 1682 1082 1725 semper
1114 1673 1278 1712 tamen
1312 1668 1442 1725 quod
1475 1669 1698 1725 quotiens
1731 1668 1964 1726 gruncelli
1995 1668 2072 1712 vel

322 1736 503 1783 scudes¹
536 1738 593 1781 de
626 1737 855 1794 predictis
889 1738 1189 1790 tenementis,
1215 1742 1319 1790 etc,
1351 1737 1475 1782 infra
1508 1739 1770 1782 terminum
1802 1738 2073 1794 predictum

322 1814 432 1852 sunt
464 1808 661 1865 putrida
697 1812 743 1850 et
782 1806 1025 1850 defectiva
1058 1814 1105 1851 et
1140 1807 1361 1865 indigent
1397 1808 1642 1851 emendari
1682 1808 1861 1851 totiens
1895 1806 2070 1864 prefati

324 1877 499 1921 Michel
534 1882 580 1921 et
605 1876 824 1929 Isabella,
850 1882 955 1929 eto,
978 1891 1107 1920 nova
1139 1877 1389 1921 invenient
1423 1882 1469 1921 et
1503 1876 1842 1921 deliberabunt
1874 1876 2073 1934 prefatis

324 1947 604 1991 Raimundo
638 1951 685 1990 et
707 1946 942 1999 Johanne,
968 1951 1072 1999 etc.‚
1098 1947 1232 1990 omni
1269 1952 1486 2004 tempore
1522 1952 1761 2003 oportuno
1796 1961 1879 2004 per
1913 1952 2072 1991 totum

322 2017 581 2061 terminum
604 2016 948 2072 supradictum.
1016 2015 1076 2059 Et
1100 2021 1214 2060 tunc
1239 2015 1415 2073 prefati
1443 2016 1747 2060 Raimundus
1770 2022 1818 2060 et
1840 2017 2071 2069 Johanne,

320 2087 516 2130 heredes
568 2086 665 2129 and
719 2086 952 2142 assignati
1008 2100 1187 2138 eorum,
1244 2086 1354 2130 illos
1408 2085 1734 2143 operabuntur
1787 2092 1833 2130 et
1891 2085 2072 2130 facient

321 2155 592 2213 sumptibus
620 2155 717 2199 suis
746 2155 951 2211 propriis
982 2161 1029 2199 et
1062 2156 1282 2212 expensis
1315 2157 1364 2198 in
1401 2156 1798 2199 emendacionem
1832 2156 2072 2200 dictorum

322 2229 721 2269 tenementorum.
789 2224 848 2267 Et
882 2225 919 2267 si
954 2224 1128 2280 prefati
1166 2225 1470 2268 Raimundus
1503 2230 1550 2268 et
1583 2225 1820 2278 Johanna,
1848 2231 1953 2279 etc.‚
1981 2225 2069 2269 ali-

322 2309 470 2352 quam
508 2293 774 2350 parcellam
813 2293 1053 2337 dictorum
1088 2299 1474 2338 tenementorum
1510 2293 1634 2338 infra
1673 2295 1933 2338 terminum
1967 2309 2068 2352 pre-

323 2364 510 2408 dictum
541 2364 589 2405 in
620 2363 839 2419 aliquam
877 2363 1031 2406 alium
1070 2364 1270 2407 modum
1306 2364 1383 2406 vel
1417 2378 1556 2407 usum
1590 2378 1738 2420 quam
1777 2364 1923 2407 modo
1961 2370 2071 2408 sunt

322 2433 565 2477 voluerint
594 2431 750 2476 facere
774 2432 851 2475 vel
874 2437 1055 2476 vertere
1088 2438 1283 2489 propter
1314 2448 1453 2477 suum
1482 2433 1795 2477 commodum
1829 2434 2071 2491 singulare

325 2508 439 2547 tunc
482 2502 574 2558 ipsi
618 2501 741 2545 illud
778 2500 960 2545 facient
1004 2502 1224 2546 totaliter
1261 2517 1427 2546 eorum
1469 2503 1674 2559 propriis
1715 2502 1987 2560 sumptibus
2025 2509 2073 2547 et

325 2572 557 2628 expensis.
624 2570 684 2614 Et
716 2570 891 2627 prefati
917 2571 1093 2615 Michel
1126 2577 1174 2615 et
1208 2572 1428 2625 Isabella,
1453 2577 1557 2626 etc.‚
1581 2572 1800 2629 predicta
1823 2573 1918 2616 duo
1942 2578 2069 2616 tene-

326 2646 503 2694 menta,
539 2645 643 2693 etc.,
682 2645 736 2684 ut
773 2639 1044 2696 predictum
1084 2646 1167 2693 est,
1201 2640 1400 2697 prefatis
1440 2640 1720 2685 Raimundo
1754 2646 1801 2685 et
1838 2641 2070 2694 Johanne,

325 2710 579 2754 heredibus
602 2715 649 2753 et
672 2710 931 2766 assignatis
954 2724 1118 2753 eorum
1142 2710 1345 2755 durante
1369 2711 1472 2754 vita
1502 2710 1779 2754 eorumdem
1804 2710 2070 2754 Raimundi

327 2785 373 2822 et
397 2780 613 2822 Johanne
638 2779 713 2822 vel
737 2779 877 2822 unius
901 2793 1065 2822 eorum
1090 2794 1172 2836 per
1194 2794 1240 2823 se
1265 2785 1433 2823 contra
1465 2794 1629 2823 omnes
1653 2785 1818 2836 gentes
1840 2784 2069 2822 warrant-

328 2848 526 2892 izabunt
559 2853 605 2891 et
640 2847 896 2891 defendent
930 2863 1012 2904 per
1045 2855 1295 2905 presentes.
1379 2849 1429 2891 In
1465 2849 1599 2892 cuius
1638 2849 1702 2891 rei
1738 2848 2071 2892 testimonium

441 3043 451 3063 1
467 3042 636 3068 “Gruncelli
658 3043 702 3067 vel
721 3043 847 3068 seudes.·‘
894 3043 954 3069 The
979 3044 1098 3069 obvious
1121 3045 1296 3069 translation
1319 3045 1348 3069 of
1372 3044 1560 3075 “grumam''
1581 3043 1678 3068 would
1703 3043 1736 3067 be
1760 3042 1981 3074 “groundsels‚”
2006 3049 2038 3067 or

363 3083 469 3109 timber
480 3083 597 3114 serving
609 3090 640 3109 as
653 3091 668 3109 a
682 3084 874 3113 foundatiom
895 3085 947 3109 but
960 3085 983 3110 it
996 3086 1018 3110 is
1032 3085 1156 3110 diffieult
1177 3088 1207 3111 to
1229 3092 1274 3111 see
1293 3086 1358 3111 how
1378 3086 1436 3111 this
1455 3092 1507 3111 can
1527 3086 1585 3111 suit
1606 3084 1656 3110 the
1676 3086 1803 3110 context.
1839 3086 1854 3096 ‘¹
1866 3084 2037 3109 Grunce111⁰

364 3131 432 3156 may
452 3125 487 3150 be
508 3131 523 3150 a
544 3125 718 3150 diminutive
738 3126 767 3148 of
790 3125 954 3157 “g1·unda‚'¹
979 3132 995 3150 a
1017 3127 1121 3156 gutter
1139 3127 1274 3157 (Martin,
1294 3127 1404 3153 Record
1426 3126 1513 3152 Office
1537 3124 1755 3157 Interpreter);
1787 3125 1933 3151 “scudes'·
1951 3125 1975 3151 is
1987 3126 2040 3150 not
