2212 3408
61 1140 136 1173 Fol.
160 1139 255 1173 xvl.

374 95 459 126 120
959 96 1053 126 THE
1088 96 1243 127 BLACK
1279 97 1403 128 BOOK

975 265 1075 309 F01.
1111 265 1202 309 XV
1237 267 1272 308 Β
1308 264 1385 323 (2).

369 374 740 433 Suthamptona.
807 376 956 421 Curia
981 377 1179 420 Domini
1214 376 1362 434 Regis
1384 382 1519 421 tenta
1543 377 1671 434 apud
1696 376 2052 433 Suthamptona

307 443 385 488 die
408 445 577 489 martis
598 448 820 502 proximo
852 451 960 503 post
990 445 1165 490 festum
1196 446 1361 490 Sancti
1387 446 1597 490 Dionisii
1623 444 1865 503 Episcopi¹
1889 461 2051 489 coram

306 513 524 558 Johanne
559 515 742 572 Beneyt
776 516 972 568 maiore,
1004 516 1219 559 Johanne
1255 515 1489 559 Maschall
1523 521 1571 559 et
1602 514 1794 559 Thoma
1832 514 2053 558 Armorer

306 582 504 627 ballivis
525 584 641 627 ville
663 585 878 641 predicte
901 599 1030 628 anno
1053 585 1185 642 regni
1211 585 1335 642 regis
1359 586 1552 629 Henrici
1578 585 1736 642 quarti
1764 582 2053 629 undecimo.l

367 712 441 755 Ad
495 712 639 755 istam
687 713 872 756 curiam
927 718 1158 757 venerunt
1219 713 1394 757 Michel
1444 713 1576 758 Goos
1628 713 1877 771 burgensis
1935 713 2051 757 ville

305 780 658 837 Suthamptone
697 786 744 825 et
783 781 989 825 Isabella
1028 797 1147 825 uxor
1191 783 1305 835 eius,
1345 787 1450 836 etc,
1495 788 1543 826 et
1586 783 1902 839 protulerunt,
1947 788 2050 836 etc.‚

305 849 551 906 quandam
589 855 777 894 cartam
814 850 1111 895 feoffamenti
1156 852 1293 896 cuius
1337 857 1472 896 tenor
1509 853 1737 909 sequitur,
1777 858 1865 896 etc.
1949 854 2053 896 Hac

305 919 560 963 indentura
603 918 735 963 facta
780 921 903 964 inter
947 921 1200 964 Michelem
1241 920 1373 965 Goos
1416 921 1700 979 burgensem
1751 922 1866 965 ville
1910 921 2049 965 Suth-

303 993 533 1046 amptone
578 995 625 1033 et
664 989 922 1033 Isabellam
956 1006 1154 1034 uxorem
1193 991 1294 1035 eius
1328 1006 1386 1035 ex
1419 997 1555 1048 parte
1588 1006 1684 1035 una
1720 991 2050 1035 Raimundum

305 1058 457 1116 Clyve
501 1064 548 1102 et
587 1060 859 1103 Johannam
903 1075 1103 1104 uxorem
1147 1061 1248 1104 eius
1291 1061 1350 1104 de
1388 1061 1509 1104 villa
1552 1061 1772 1118 predicta
1815 1076 1873 1104 ex
1917 1066 2052 1117 parte

302 1128 457 1172 altera
501 1134 705 1173 testatur
748 1129 877 1186 quod
921 1128 1116 1186 prefati²
1169 1136 1216 1173 et
1271 1130 1478 1174 Isabella
1521 1132 1625 1187 pari
1670 1146 1755 1174 sua
1799 1131 2052 1175 voluntate

303 1198 604 1242 tradiderunt
637 1204 971 1243 concesserunt
1002 1204 1049 1243 et
1084 1215 1166 1256 per
1200 1201 1326 1243 hanc
1363 1206 1548 1243 cartam
1586 1201 1891 1244 indentatam
1927 1201 2049 1244 dim-

303 1268 482 1312 iserunt
535 1267 724 1325 prefato
771 1269 1053 1313 Raimundo
1108 1275 1155 1313 et
1209 1270 1427 1314 Johanne
1480 1270 1577 1314 duo
1635 1275 1912 1314 tenementa
1966 1285 2051 1314 sua

301 1338 535 1395 contigua
567 1353 677 1382 cum
712 1338 898 1382 duobus
941 1339 1158 1396 gardinis
1190 1339 1529 1395 adjacentibus
1561 1345 1719 1383 aretro
1752 1340 1886 1383 dicta
1920 1345 2048 1383 tene-

301 1412 466 1451 menta
503 1407 764 1464 subtusque
801 1413 1079 1452 tenementa
1119 1409 1167 1451 in
1211 1409 1439 1452 anteriori
1479 1414 1616 1465 parte
1650 1409 1910 1453 eorundem
1942 1415 2051 1454 sunt

301 1477 397 1521 duo
429 1478 576 1534 shope
607 1482 654 1521 et
687 1477 774 1522 sub
805 1477 985 1521 eisdem
1020 1478 1183 1535 shopis
1213 1478 1308 1522 duo
1343 1478 1537 1532 celatia,
1563 1484 1610 1523 et
1643 1480 1884 1523 situantur
1918 1479 2051 1523 dicta

300 1547 397 1591 duo
440 1552 734 1600 tenementa‚
784 1552 889 1600 eto,
935 1548 983 1591 in
1038 1549 1147 1592 vico
1201 1548 1410 1605 Anglico
1464 1549 1512 1591 in
1565 1549 1798 1606 parochia
1851 1549 2051 1593 ecclesie

272 1615 476 1660 ‚Sancte
521 1615 688 1660 Crucis
733 1617 780 1659 in
825 1617 1120 1661 occidentali
1165 1623 1301 1674 parte
1355 1618 1569 1661 eiusdem
1613 1619 1709 1662 vici
1754 1619 1878 1663 inter
1920 1624 2048 1663 tene-

300 1690 519 1730 mentum
541 1685 744 1729 Walteri
768 1686 983 1729 hamond
1006 1691 1054 1730 et
1077 1685 1266 1730 Amicie
1301 1687 1464 1731 uxoris
1496 1701 1577 1731 sue
1608 1702 1666 1731 ex
1688 1693 1825 1744 parte
1848 1689 2048 1732 australi

301 1760 350 1799 et
372 1760 701 1799 tenementum
724 1755 958 1813 Johannis
992 1755 1193 1814 Benyng
1226 1761 1273 1800 et
1308 1755 1465 1800 Alicie
1503 1757 1666 1801 uxoris
1703 1772 1784 1802 sue
1820 1773 1879 1801 ex
1913 1764 2050 1815 parte

299 1823 491 1877 boriali,
526 1829 574 1868 et
613 1825 870 1882 gardinum
913 1826 1086 1881 prioris
1128 1825 1295 1869 Sancti
1348 1825 1557 1869 Dionisii
1607 1826 1747 1883 juxta
1792 1826 2047 1885 Suthamp-

300 1899 469 1937 tonam
492 1894 621 1951 quod
645 1894 792 1938 modo
826 1899 958 1938 tenet
981 1893 1196 1938 Thomas
1221 1894 1525 1952 Marleburgh
1559 1901 1606 1939 et
1640 1897 1769 1953 quod
1802 1897 2049 1953 quondam

301 1964 457 2007 tenuit
489 1963 732 2008 Johannes
763 1964 1036 2021 Polymond
1067 1979 1125 2008 ex
1158 1970 1294 2021 parte
1329 1964 1650 2017 occidentali;
1687 1971 1735 2009 et
1759 1967 2050 2023 quequidem

301 2034 397 2077 duo
421 2038 698 2076 tenementa
731 2048 841 2077 cum
876 2048 1041 2077 eorum
1074 2034 1385 2090 pertinenciis
1408 2035 1647 2078 Johannes
1671 2035 1874 2079 Botiller
1902 2052 2052 2093 nuper

301 2103 373 2145 vir
411 2101 538 2145 dicte
574 2101 775 2146 Isabelle
816 2103 873 2146 de
912 2118 1039 2146 novo
1072 2103 1368 2154 construxit;
1404 2103 1681 2147 habendum
1712 2110 1760 2148 et
1790 2106 2050 2149 tenendum

301 2171 519 2228 predicta
558 2171 654 2215 duo
693 2177 985 2225 tenementa‚
1026 2177 1130 2226 etc.‚
1170 2172 1228 2216 de
1272 2172 1472 2229 prefatis
1511 2173 1714 2217 Michele
1759 2179 1807 2218 et
1845 2175 2051 2219 Isabella

300 2240 556 2284 heredibus
593 2245 643 2284 et
679 2241 940 2298 assignatis
978 2256 1143 2285 eorum
1186 2241 1385 2298 prefatis
1430 2241 1711 2287 Raimundo
1749 2249 1796 2287 et
1834 2245 2050 2289 Johanne

301 2309 556 2353 heredibus
599 2314 647 2353 et
690 2311 950 2368 assignatis
999 2326 1162 2354 eorum
1216 2311 1279 2354 ad
1328 2312 1587 2355 terminum
1629 2313 1729 2356 vite
1773 2315 2049 2359 eorumdem

305 2379 551 2423 Ramundi
581 2384 629 2423 et
662 2380 879 2423 Johanne
910 2380 986 2424 vel
1020 2381 1160 2424 unius
1187 2395 1352 2424 eorum
1385 2381 1567 2425 diutius
1600 2382 1821 2426 viventis.
1889 2383 2047 2428 Redd-

303 2448 428 2492 endo
462 2448 574 2492 inde
609 2449 865 2492 annuatim
901 2448 1101 2506 prefatis
1134 2450 1331 2494 Micheli
1367 2455 1414 2494 et
1445 2450 1652 2495 Isabella
1686 2452 1939 2496 heredibus
1974 2453 2051 2497 vel

304 2518 563 2575 assignatis
597 2532 776 2571 eorum,
807 2518 913 2571 viz.‚
948 2534 1034 2575 pro
1066 2519 1218 2576 shopa
1252 2520 1476 2564 australis
1509 2521 1771 2565 tenementi
1809 2522 2049 2566 dictorum

305 2592 690 2631 tenementorum
712 2602 742 2630 a
765 2587 843 2630 die
867 2587 984 2631 data
1001 2589 1296 2644 presentium
1313 2604 1461 2646 usque
1480 2590 1543 2633 ad
1566 2589 1739 2634 festum
1759 2590 2051 2635 Nativitatis

308 2656 506 2700 Domini
532 2656 661 2712 quod
685 2657 774 2700 erit
805 2657 853 2699 in
883 2672 1013 2700 anno
1045 2657 1244 2701 Domini
1279 2658 1541 2703 millesimo
1575 2660 2051 2718 quadringentesimo

305 2725 563 2769 undecimo
586 2726 809 2782 proximo
839 2725 1000 2770 futuro
1023 2732 1131 2783 post
1154 2727 1323 2770 datum
1357 2728 1648 2784 presentium
1672 2730 1848 2786 viginti
1872 2730 2052 2774 solidos

306 2795 646 2853 sterlingorum
668 2800 874 2839 tantum.
943 2796 1002 2839 Et
1034 2811 1120 2853 pro
1152 2797 1382 2853 predictis
1413 2797 1600 2842 duobus
1633 2800 1920 2843 tenementis
1951 2800 2052 2843 alia

309 2879 400 2921 que
442 2865 592 2921 shopa
636 2864 826 2908 celariis
864 2871 911 2908 et
951 2865 1166 2922 gardinis
1208 2866 1437 2922 predictis
1474 2881 1622 2911 unam
1661 2867 1849 2912 rubiam
1892 2883 2049 2913 rosam

425 3052 434 3071 1
453 3051 527 3075 Date
540 3058 545 3075 :
563 3050 706 3082 Tuesday,
719 3051 845 3076 October
858 3051 933 3082 15th,
946 3052 1019 3077 1409.

425 3118 438 3139 2
452 3117 607 3143 “Michol’'
624 3117 730 3143 should
742 3118 851 3150 clearly
863 3118 898 3144 be
909 3119 1039 3144 inserted
1056 3119 1185 3145 here—it
1205 3121 1284 3146 must
1306 3120 1380 3146 have
1401 3121 1472 3147 been
1493 3122 1616 3147 omitted
1636 3122 1673 3153 by
1692 3122 1823 3147 accident
1834 3130 1840 3151 ;
1861 3122 2016 3153 “prefati‘’
