2212 3408
400 105 483 149 142
986 103 1080 133 THE
1114 103 1271 134 BLACK
1305 104 1430 134 BOOK

837 287 938 332 Fol.
973 287 1089 332 XIX
1116 287 1153 331 Β
1187 287 1253 343 (2)
1290 285 1573 345 (continued).

332 417 393 460 ad
465 416 607 460 finem
680 418 873 460 termini
950 418 1189 461 dictorum
1253 431 1428 460 novem
1492 430 1728 459 annorum
1792 421 1839 460 et
1902 416 2077 473 prefati

334 486 629 530 &Villielmus
664 491 711 529 et
749 486 1002 543 Margeria,
1039 491 1143 538 etc.,
1184 486 1317 529 dicta
1356 486 1451 529 duo
1486 489 1776 538 tenementa,
1808 490 1912 538 etc,
1946 500 2074 529 com-

331 560 548 612 petenter
612 560 658 599 et
722 554 1010 599 sufficienter
1068 554 1360 611 reparabunt
1414 553 1751 598 sustentabunt
1808 554 2079 610 sumptibus

333 640 496 668 eorum
535 625 741 681 propriis
779 630 825 667 et
865 625 1085 681 expensis
1123 639 1206 680 per
1244 629 1401 667 totum
1439 624 1697 667 terminum
1734 624 2078 680 supradictum.

333 693 393 737 Et
436 692 611 749 prefati
659 693 955 737 'Willielmus
999 699 1046 737 et
1091 693 1329 750 Margeria
1371 693 1568 736 heredes
1612 698 1658 735 et
1703 693 1936 749 assignati
1991 691 2077 736 sui¹

332 778 441 806 cum
496 762 720 806 omnibus
773 777 936 806 eorum
991 763 1302 819 pertinenciis
1355 767 1407 805 ut
1461 762 1731 817 predictum
1776 766 1846 805 est
1891 761 2079 818 prefato

331 832 539 890 Johanni
594 832 789 889 Beneyt,
843 838 947 884 etc„
999 832 1095 876 suis
1145 837 1315 874 contra
1369 845 1534 874 omnes
1586 836 1751 888 gentes
1796 846 1875 887 per
1921 836 2079 874 totum

332 901 591 945 terminum
635 902 965 957 supradictum
1010 900 1164 944 forma
1208 901 1422 957 superius
1476 900 1724 943 declarata
1769 905 1815 943 et
1859 914 2080 956 expressa

331 969 761 1023 warrantizabunt‚
802 975 905 1024 etc.,
945 985 1028 1027 per
1065 975 1317 1026 presentes.
1397 970 1446 1012 In
1483 970 1619 1013 cuius
1648 969 1712 1013 rei
1746 969 2079 1013 testimonium

331 1045 491 1097 partes
528 1039 732 1096 predicti
772 1040 866 1083 hiis
904 1040 1170 1083 indenturis
1208 1039 1372 1096 sigilla
1416 1053 1501 1082 sua
1544 1038 1827 1082 alternatim
1876 1053 2079 1095 apposu-

333 1114 482 1153 erunt.
550 1108 610 1152 Et
640 1124 725 1165 pro
756 1109 929 1152 maiori
961 1109 1217 1153 securitate
1249 1108 1466 1165 sigillum
1497 1106 1643 1151 officii
1672 1108 1938 1151 maioratus
1964 1108 2081 1151 ville

332 1178 546 1235 predicte
569 1178 662 1221 hiis
685 1179 864 1235 apponi
895 1183 1286 1235 procuraverunt.
1355 1178 1461 1221 Hiis
1492 1176 1694 1221 testibus
1715 1177 1911 1221 henrico
1936 1177 2078 1221 Hole-

334 1262 439 1305 wey
476 1253 589 1291 tunc
626 1248 807 1291 maiore
844 1248 959 1292 ville
997 1248 1211 1304 predicte
1247 1246 1440 1291 Thoma
1472 1247 1776 1304 Midlyngton
1811 1246 2081 1290 Willielmo

335 1316 527 1374 Overay
572 1317 784 1361 Ricardo
829 1317 1092 1374 Bradewey
1137 1322 1184 1360 et
1225 1316 1495 1360 willielmo
1539 1315 1705 1360 Nicoll
1743 1315 2083 1359 Aldremannis

333 1386 552 1445 Johanne
609 1387 812 1430 Renaud
867 1392 913 1430 et
956 1385 1148 1430 Thoma
1192 1386 1416 1430 Armorer
1464 1385 1661 1429 ballivis
1706 1385 1920 1429 eiusdem
1964 1384 2081 1428 ville

336 1455 553 1499 Waltero
600 1455 827 1512 Fetipace
871 1455 1170 1499 seneschallo
1215 1456 1431 1512 Johanne
1476 1454 1574 1512 Bye
1626 1453 1802 1498 clerico
1856 1458 1902 1497 et
1956 1453 2079 1497 aliis.

336 1524 466 1568 Data
500 1525 630 1581 apud
662 1525 931 1581 predictam
965 1525 1138 1568 villam
1171 1524 1579 1581 Suthamptonam
1613 1524 1770 1580 primo
1801 1523 1877 1566 die
1908 1522 2083 1566 mensis

335 1593 516 1650 Aprilis
569 1594 709 1637 Anno
763 1595 896 1651 regni
949 1594 1095 1651 Regis
1142 1594 1336 1637 Henrici
1392 1593 1550 1649 quinti
1605 1597 1713 1649 post
1767 1597 2083 1648 conquestum

335 1663 510 1720 Anglie
545 1662 733 1719 primo.2
798 1662 1185 1721 Quibusquidem
1219 1664 1364 1706 cartis
1394 1663 1623 1719 predictis
1650 1661 1770 1705 bene
1801 1662 1952 1713 lectis,
1977 1666 2081 1713 etc.,

336 1733 563 1789 dictaque
619 1734 853 1789 Margeria
912 1748 995 1789 per
1048 1747 1095 1776 se
1149 1733 1252 1776 sola
1308 1733 1590 1775 examinata
1645 1736 1691 1774 et
1746 1730 1921 1787 jurata,
1977 1735 2082 1783 etc.>

337 1801 515 1845 fatetur
557 1802 775 1858 predicta
818 1803 997 1858 scripta
1042 1817 1139 1845 esse
1184 1801 1314 1845 facta
1359 1798 1476 1854 suaf'
1520 1806 1624 1853 etc,
1669 1807 1716 1843 et
1754 1801 1877 1856 petit
1913 1800 2082 1843 eadem

337 1872 515 1927 scripta
565 1871 806 1915 irrotulari
857 1872 980 1915 inter
1024 1872 1221 1914 recorda
1265 1871 1549 1927 scriptorum
1594 1875 1640 1913 et
1684 1875 1925 1912 cartarum
1968 1868 2084 1912 ville

337 1941 565 1997 predicte,
605 1946 708 1993 etc,
741 1946 787 1984 et
827 1955 1105 1984 concessum
1143 1946 1211 1984 est
1251 1941 1306 1983 ei.
1375 1939 1434 1982 Et
1469 1954 1607 1995 super
1641 1940 1732 1982 hoc
1762 1952 1986 1982 concessa
2014 1943 2083 1981 est

337 2010 513 2054 seisina
537 2011 695 2053 modo.

454 2441 466 2462 1
482 2440 543 2467 The
556 2441 652 2467 words
672 2441 770 2468 “dicta
783 2442 951 2467 tenementa
962 2441 975 2451 ''
996 2441 1059 2471 (the
1072 2441 1133 2466 said
1147 2439 1324 2473 tenements)
1347 2446 1385 2465 no
1403 2440 1495 2466 doubt
1512 2439 1615 2466 should
1634 2439 1668 2465 be
1686 2438 1813 2465 inserted
1826 2438 1902 2470 here,
1916 2438 1969 2464 but
1981 2437 2052 2469 they

375 2483 413 2507 do
426 2483 478 2508 not
490 2489 606 2514 appear.

456 2553 467 2569 *-¹
482 2550 565 2580 April
579 2552 629 2579 let,
643 2551 715 2575 1413.
